<collection xmlns="http://www.loc.gov/MARC21/slim">
<record>
  <leader>03289cas a2200637 a 4500</leader>
  <controlfield tag="001">21211640</controlfield>
  <controlfield tag="005">20200104075811.0</controlfield>
  <controlfield tag="006">m     o  d        </controlfield>
  <controlfield tag="007">cr un||||a|a||</controlfield>
  <controlfield tag="008">110925c19829999mduar   o s  s0   a0eng d</controlfield>
  <datafield tag="010" ind1=" " ind2=" ">
    <subfield code="a">  2019210732</subfield>
  </datafield>
  <datafield tag="035" ind1=" " ind2=" ">
    <subfield code="a">(OCoLC)ocn754565807</subfield>
  </datafield>
  <datafield tag="040" ind1=" " ind2=" ">
    <subfield code="a">OCLCE</subfield>
    <subfield code="b">eng</subfield>
    <subfield code="c">OCLCE</subfield>
    <subfield code="d">OCLCQ</subfield>
    <subfield code="d">OCLCF</subfield>
    <subfield code="d">OCLCO</subfield>
    <subfield code="d">OCLCQ</subfield>
    <subfield code="d">OCLCA</subfield>
    <subfield code="e">pn</subfield>
    <subfield code="d">DLC</subfield>
  </datafield>
  <datafield tag="042" ind1=" " ind2=" ">
    <subfield code="a">lccopycat</subfield>
  </datafield>
  <datafield tag="043" ind1=" " ind2=" ">
    <subfield code="a">n-us-md</subfield>
  </datafield>
  <datafield tag="050" ind1=" " ind2="4">
    <subfield code="a">HJ11</subfield>
    <subfield code="b">.M334b</subfield>
  </datafield>
  <datafield tag="050" ind1="0" ind2="0">
    <subfield code="a">HJ11</subfield>
  </datafield>
  <datafield tag="082" ind1="0" ind2="4">
    <subfield code="a">353.97520072/31</subfield>
    <subfield code="2">19</subfield>
  </datafield>
  <datafield tag="110" ind1="1" ind2=" ">
    <subfield code="a">Maryland.</subfield>
    <subfield code="b">Comptroller&apos;s Office.</subfield>
  </datafield>
  <datafield tag="245" ind1="1" ind2="0">
    <subfield code="a">Comprehensive annual financial report for the year ended ... /</subfield>
    <subfield code="c">prepared by the State Comptroller&apos;s Office, Comptroller of the Treasury of Maryland.</subfield>
  </datafield>
  <datafield tag="260" ind1=" " ind2=" ">
    <subfield code="a">Annapolis, Md. :</subfield>
    <subfield code="b">The Office,</subfield>
    <subfield code="c">[1982]-</subfield>
  </datafield>
  <datafield tag="300" ind1=" " ind2=" ">
    <subfield code="a">1 online resource</subfield>
  </datafield>
  <datafield tag="310" ind1=" " ind2=" ">
    <subfield code="a">Annual</subfield>
  </datafield>
  <datafield tag="336" ind1=" " ind2=" ">
    <subfield code="a">text</subfield>
    <subfield code="b">txt</subfield>
    <subfield code="2">rdacontent</subfield>
  </datafield>
  <datafield tag="337" ind1=" " ind2=" ">
    <subfield code="a">computer</subfield>
    <subfield code="b">c</subfield>
    <subfield code="2">rdamedia</subfield>
  </datafield>
  <datafield tag="338" ind1=" " ind2=" ">
    <subfield code="a">online resource</subfield>
    <subfield code="b">cr</subfield>
    <subfield code="2">rdacarrier</subfield>
  </datafield>
  <datafield tag="362" ind1="0" ind2=" ">
    <subfield code="a">1982-</subfield>
  </datafield>
  <datafield tag="500" ind1=" " ind2=" ">
    <subfield code="a">Provides comparative data for ten years.</subfield>
  </datafield>
  <datafield tag="515" ind1=" " ind2=" ">
    <subfield code="a">Report year ends June 30.</subfield>
  </datafield>
  <datafield tag="588" ind1=" " ind2=" ">
    <subfield code="a">Description based on print version record.</subfield>
  </datafield>
  <datafield tag="588" ind1=" " ind2=" ">
    <subfield code="a">Latest issue consulted: 2017 (publisher&apos;s website, viewed Sept. 19, 2019)</subfield>
  </datafield>
  <datafield tag="650" ind1=" " ind2="0">
    <subfield code="a">Finance, Public</subfield>
    <subfield code="z">Maryland</subfield>
    <subfield code="x">Accounting</subfield>
    <subfield code="v">Periodicals.</subfield>
  </datafield>
  <datafield tag="650" ind1=" " ind2="7">
    <subfield code="a">Finance, Public</subfield>
    <subfield code="x">Accounting.</subfield>
    <subfield code="2">fast</subfield>
    <subfield code="0">(OCoLC)fst00924478</subfield>
  </datafield>
  <datafield tag="651" ind1=" " ind2="7">
    <subfield code="a">Maryland.</subfield>
    <subfield code="2">fast</subfield>
    <subfield code="0">(OCoLC)fst01204739</subfield>
  </datafield>
  <datafield tag="655" ind1=" " ind2="7">
    <subfield code="a">Periodicals.</subfield>
    <subfield code="2">fast</subfield>
    <subfield code="0">(OCoLC)fst01411641</subfield>
  </datafield>
  <datafield tag="776" ind1="0" ind2="8">
    <subfield code="i">Print version:</subfield>
    <subfield code="a">Maryland. Comptroller&apos;s Office.</subfield>
    <subfield code="t">Comprehensive annual financial report for the year ended ...</subfield>
    <subfield code="w">(DLC)   83645659</subfield>
    <subfield code="w">(OCoLC)9449359</subfield>
  </datafield>
  <datafield tag="780" ind1="0" ind2="0">
    <subfield code="a">Maryland. Comptroller&apos;s Office.</subfield>
    <subfield code="t">Annual report of the Comptroller of the state of Maryland</subfield>
  </datafield>
  <datafield tag="850" ind1=" " ind2=" ">
    <subfield code="a">DLC</subfield>
  </datafield>
  <datafield tag="856" ind1="4" ind2="0">
    <subfield code="3">Library of Congress Web Archive, 1997- :</subfield>
    <subfield code="u">http://webarchive.loc.gov/all/2/https://finances.marylandtaxes.gov/Where_the_Money_Comes_From/General_Revenue_Reports/CAFR.shtml</subfield>
  </datafield>
  <datafield tag="859" ind1="4" ind2="0">
    <subfield code="3">Library of Congress Web Archive, 1997- :</subfield>
    <subfield code="u">http://webarchive.loc.gov/all/2/https://finances.marylandtaxes.gov/Where_the_Money_Comes_From/General_Revenue_Reports/CAFR.shtml</subfield>
  </datafield>
  <datafield tag="859" ind1="4" ind2="0">
    <subfield code="u">https://finances.marylandtaxes.gov/Where_the_Money_Comes_From/General_Revenue_Reports/CAFR.shtml</subfield>
  </datafield>
  <datafield tag="859" ind1="4" ind2="0">
    <subfield code="3">Google, 1989/1990</subfield>
    <subfield code="u">http://books.google.com/books?id=bzNMAQAAIAAJ</subfield>
  </datafield>
  <datafield tag="859" ind1="4" ind2="0">
    <subfield code="3">Google, 1982/1983</subfield>
    <subfield code="u">http://books.google.com/books?id=tTNMAQAAIAAJ</subfield>
  </datafield>
  <datafield tag="859" ind1="4" ind2="0">
    <subfield code="3">Google, 1984/1985</subfield>
    <subfield code="u">http://books.google.com/books?id=jjNMAQAAIAAJ</subfield>
  </datafield>
  <datafield tag="859" ind1="4" ind2="0">
    <subfield code="3">Google, 1981</subfield>
    <subfield code="u">http://books.google.com/books?id=bChMAQAAIAAJ</subfield>
  </datafield>
  <datafield tag="859" ind1="4" ind2="0">
    <subfield code="3">Google, 1988/1989</subfield>
    <subfield code="u">http://books.google.com/books?id=fDNMAQAAIAAJ</subfield>
  </datafield>
  <datafield tag="859" ind1="4" ind2="0">
    <subfield code="3">Google, 1991</subfield>
    <subfield code="u">http://books.google.com/books?id=0ihMAQAAIAAJ</subfield>
  </datafield>
  <datafield tag="859" ind1="4" ind2="0">
    <subfield code="3">Google, 1983/1984</subfield>
    <subfield code="u">http://books.google.com/books?id=mzNMAQAAIAAJ</subfield>
  </datafield>
  <datafield tag="859" ind1="4" ind2="0">
    <subfield code="3">Google, 1987/1988</subfield>
    <subfield code="u">http://books.google.com/books?id=YDNMAQAAIAAJ</subfield>
  </datafield>
  <datafield tag="859" ind1="4" ind2="0">
    <subfield code="3">Google, 1985/1986</subfield>
    <subfield code="u">http://books.google.com/books?id=OTNMAQAAIAAJ</subfield>
  </datafield>
  <datafield tag="859" ind1="4" ind2="0">
    <subfield code="3">Google, 1981/1982</subfield>
    <subfield code="u">http://books.google.com/books?id=XShMAQAAIAAJ</subfield>
  </datafield>
  <datafield tag="859" ind1="4" ind2="0">
    <subfield code="3">Google, 1986/1987</subfield>
    <subfield code="u">http://books.google.com/books?id=KetLAQAAIAAJ</subfield>
  </datafield>
  <datafield tag="906" ind1=" " ind2=" ">
    <subfield code="a">7</subfield>
    <subfield code="b">cbc</subfield>
    <subfield code="c">serasst</subfield>
    <subfield code="d">3</subfield>
    <subfield code="e">ncip</subfield>
    <subfield code="f">20</subfield>
    <subfield code="g">n-oclcserc</subfield>
  </datafield>
  <datafield tag="925" ind1="0" ind2=" ">
    <subfield code="a">Acquire</subfield>
    <subfield code="b">etransfer</subfield>
    <subfield code="x">policy default 2019-09-19</subfield>
  </datafield>
  <datafield tag="955" ind1=" " ind2=" ">
    <subfield code="i">2019-09-19</subfield>
  </datafield>
  <datafield tag="985" ind1=" " ind2=" ">
    <subfield code="a">LC Online Resource</subfield>
    <subfield code="d">2020-1-2</subfield>
    <subfield code="e">etransfer</subfield>
  </datafield>
</record>