
<record>
  <leader>02069cam a2200481 i 4500</leader>
  <controlfield tag="001">21304329</controlfield>
  <controlfield tag="005">20200104174657.0</controlfield>
  <controlfield tag="008">191005t20192019kz       b    000 0 rus c</controlfield>
  <datafield tag="906" ind1=" " ind2=" ">
    <subfield code="a">0</subfield>
    <subfield code="b">ibc</subfield>
    <subfield code="c">pccadap</subfield>
    <subfield code="d">3</subfield>
    <subfield code="e">ncip</subfield>
    <subfield code="f">20</subfield>
    <subfield code="g">y-gencatlg</subfield>
  </datafield>
  <datafield tag="925" ind1="0" ind2=" ">
    <subfield code="a">acquire</subfield>
    <subfield code="b">1 shelf copy</subfield>
    <subfield code="x">policy default</subfield>
  </datafield>
  <datafield tag="955" ind1=" " ind2=" ">
    <subfield code="b">ce19 2020-01-04 z-processor ;</subfield>
    <subfield code="i">cm15 2020-01-04 to ASME/ME</subfield>
  </datafield>
  <datafield tag="010" ind1=" " ind2=" ">
    <subfield code="a">  2019463194</subfield>
  </datafield>
  <datafield tag="020" ind1=" " ind2=" ">
    <subfield code="a">9786012881387</subfield>
    <subfield code="q">(softcover)</subfield>
  </datafield>
  <datafield tag="020" ind1=" " ind2=" ">
    <subfield code="a">601288138X</subfield>
    <subfield code="q">(softcover)</subfield>
  </datafield>
  <datafield tag="035" ind1=" " ind2=" ">
    <subfield code="a">(OCoLC)on1126555964</subfield>
  </datafield>
  <datafield tag="040" ind1=" " ind2=" ">
    <subfield code="a">EVIEW</subfield>
    <subfield code="b">eng</subfield>
    <subfield code="c">EVIEW</subfield>
    <subfield code="e">rda</subfield>
    <subfield code="d">OSU</subfield>
    <subfield code="d">DLC</subfield>
  </datafield>
  <datafield tag="042" ind1=" " ind2=" ">
    <subfield code="a">pcc</subfield>
  </datafield>
  <datafield tag="043" ind1=" " ind2=" ">
    <subfield code="a">a-kz---</subfield>
  </datafield>
  <datafield tag="050" ind1="0" ind2="0">
    <subfield code="a">KLR12</subfield>
    <subfield code="b">.M36 2019</subfield>
  </datafield>
  <datafield tag="100" ind1="1" ind2=" ">
    <subfield code="a">Mămi, Qaĭrat Ăbdīrazaqūly,</subfield>
    <subfield code="e">author.</subfield>
  </datafield>
  <datafield tag="245" ind1="1" ind2="0">
    <subfield code="a">Respublika Kazakhstan :</subfield>
    <subfield code="b">khronika utverzhdenii︠a︡ konstitut︠s︡ionalizma /</subfield>
    <subfield code="c">K.A. Mami, I.I. Rogov, V.A. Malinovskiĭ.</subfield>
  </datafield>
  <datafield tag="264" ind1=" " ind2="1">
    <subfield code="a">Almaty :</subfield>
    <subfield code="b">Qazaq univesiteti,</subfield>
    <subfield code="c">2019.</subfield>
  </datafield>
  <datafield tag="264" ind1=" " ind2="4">
    <subfield code="c">©2019</subfield>
  </datafield>
  <datafield tag="300" ind1=" " ind2=" ">
    <subfield code="a">727 pages ;</subfield>
    <subfield code="c">25 cm</subfield>
  </datafield>
  <datafield tag="336" ind1=" " ind2=" ">
    <subfield code="a">text</subfield>
    <subfield code="b">txt</subfield>
    <subfield code="2">rdacontent</subfield>
  </datafield>
  <datafield tag="337" ind1=" " ind2=" ">
    <subfield code="a">unmediated</subfield>
    <subfield code="b">n</subfield>
    <subfield code="2">rdamedia</subfield>
  </datafield>
  <datafield tag="338" ind1=" " ind2=" ">
    <subfield code="a">volume</subfield>
    <subfield code="b">nc</subfield>
    <subfield code="2">rdacarrier</subfield>
  </datafield>
  <datafield tag="500" ind1=" " ind2=" ">
    <subfield code="a">At head of title: Konstitut︠s︡ionnyĭ sovet Respubliki Kazakhstan, Fond pervogo prezidenta Respubliki Kazakhstan- Elbasy, Kazakhskiĭ nat︠s︡ionalʹnyĭ universitet imeni Alʹ-Farabi.</subfield>
  </datafield>
  <datafield tag="504" ind1=" " ind2=" ">
    <subfield code="a">Includes bibliographical references (pages 718-721).</subfield>
  </datafield>
  <datafield tag="546" ind1=" " ind2=" ">
    <subfield code="a">Chiefly Russian, some text in Kazakh.</subfield>
  </datafield>
  <datafield tag="650" ind1=" " ind2="0">
    <subfield code="a">Constitutional history</subfield>
    <subfield code="z">Kazakhstan.</subfield>
  </datafield>
  <datafield tag="650" ind1=" " ind2="0">
    <subfield code="a">Constitutional law</subfield>
    <subfield code="z">Kazakhstan.</subfield>
  </datafield>
  <datafield tag="650" ind1=" " ind2="0">
    <subfield code="a">Law reform</subfield>
    <subfield code="z">Kazakhstan</subfield>
    <subfield code="x">History.</subfield>
  </datafield>
  <datafield tag="651" ind1=" " ind2="0">
    <subfield code="a">Kazakhstan</subfield>
    <subfield code="x">Politics and government</subfield>
    <subfield code="y">1991-</subfield>
  </datafield>
  <datafield tag="650" ind1=" " ind2="7">
    <subfield code="a">Constitutional history.</subfield>
    <subfield code="2">fast</subfield>
    <subfield code="0">(OCoLC)fst00875777</subfield>
  </datafield>
  <datafield tag="650" ind1=" " ind2="7">
    <subfield code="a">Constitutional law.</subfield>
    <subfield code="2">fast</subfield>
    <subfield code="0">(OCoLC)fst00875797</subfield>
  </datafield>
  <datafield tag="650" ind1=" " ind2="7">
    <subfield code="a">Law reform.</subfield>
    <subfield code="2">fast</subfield>
    <subfield code="0">(OCoLC)fst00994081</subfield>
  </datafield>
  <datafield tag="650" ind1=" " ind2="7">
    <subfield code="a">Politics and government.</subfield>
    <subfield code="2">fast</subfield>
    <subfield code="0">(OCoLC)fst01919741</subfield>
  </datafield>
  <datafield tag="651" ind1=" " ind2="7">
    <subfield code="a">Kazakhstan.</subfield>
    <subfield code="2">fast</subfield>
    <subfield code="0">(OCoLC)fst01260664</subfield>
  </datafield>
  <datafield tag="648" ind1=" " ind2="7">
    <subfield code="a">Since 1991</subfield>
    <subfield code="2">fast</subfield>
  </datafield>
  <datafield tag="655" ind1=" " ind2="7">
    <subfield code="a">History.</subfield>
    <subfield code="2">fast</subfield>
    <subfield code="0">(OCoLC)fst01411628</subfield>
  </datafield>
  <datafield tag="700" ind1="1" ind2=" ">
    <subfield code="a">Rogov, Igorʹ Ivanovich,</subfield>
    <subfield code="e">author.</subfield>
  </datafield>
  <datafield tag="700" ind1="1" ind2=" ">
    <subfield code="a">Malinovskiĭ, V. A.</subfield>
    <subfield code="q">(Viktor Aleksandrovich),</subfield>
    <subfield code="e">author.</subfield>
  </datafield>
</record>