
<record>
  <leader>03431cam a22004098i 4500</leader>
  <controlfield tag="001">21336332</controlfield>
  <controlfield tag="005">20200104110954.0</controlfield>
  <controlfield tag="008">191212s2020    hiu      b    001 0 eng  </controlfield>
  <datafield tag="906" ind1=" " ind2=" ">
    <subfield code="a">7</subfield>
    <subfield code="b">cbc</subfield>
    <subfield code="c">orignew</subfield>
    <subfield code="d">1</subfield>
    <subfield code="e">ecip</subfield>
    <subfield code="f">20</subfield>
    <subfield code="g">y-gencatlg</subfield>
  </datafield>
  <datafield tag="925" ind1="0" ind2=" ">
    <subfield code="a">acquire</subfield>
    <subfield code="b">1 shelf copy</subfield>
    <subfield code="x">policy default</subfield>
  </datafield>
  <datafield tag="955" ind1=" " ind2=" ">
    <subfield code="b">HU 2019-12-12</subfield>
    <subfield code="e">rk21 2020-01-02 to Dewey (telework)</subfield>
    <subfield code="w">xm06 2020-01-04</subfield>
  </datafield>
  <datafield tag="010" ind1=" " ind2=" ">
    <subfield code="a">  2019057906</subfield>
  </datafield>
  <datafield tag="020" ind1=" " ind2=" ">
    <subfield code="a">9780824882730</subfield>
    <subfield code="q">(hardcover)</subfield>
  </datafield>
  <datafield tag="020" ind1=" " ind2=" ">
    <subfield code="z">9780824884161</subfield>
    <subfield code="q">(adobe pdf)</subfield>
  </datafield>
  <datafield tag="020" ind1=" " ind2=" ">
    <subfield code="z">9780824884178</subfield>
    <subfield code="q">(epub)</subfield>
  </datafield>
  <datafield tag="020" ind1=" " ind2=" ">
    <subfield code="z">9780824884185</subfield>
    <subfield code="q">(kindle edition)</subfield>
  </datafield>
  <datafield tag="040" ind1=" " ind2=" ">
    <subfield code="a">HU/DLC</subfield>
    <subfield code="b">eng</subfield>
    <subfield code="e">rda</subfield>
    <subfield code="c">DLC</subfield>
  </datafield>
  <datafield tag="042" ind1=" " ind2=" ">
    <subfield code="a">pcc</subfield>
  </datafield>
  <datafield tag="050" ind1="0" ind2="0">
    <subfield code="a">BQ4570.E25</subfield>
    <subfield code="b">B84 2020</subfield>
  </datafield>
  <datafield tag="082" ind1="0" ind2="0">
    <subfield code="a">294.3/373</subfield>
    <subfield code="2">23</subfield>
  </datafield>
  <datafield tag="245" ind1="0" ind2="0">
    <subfield code="a">Buddhism and business :</subfield>
    <subfield code="b">merit, material wealth, and morality in the global market economy /</subfield>
    <subfield code="c">edited by Trine Brox, Elizabeth Williams-Oerberg.</subfield>
  </datafield>
  <datafield tag="263" ind1=" " ind2=" ">
    <subfield code="a">2008</subfield>
  </datafield>
  <datafield tag="264" ind1=" " ind2="1">
    <subfield code="a">Honolulu :</subfield>
    <subfield code="b">University of Hawaiʻi Press,</subfield>
    <subfield code="c">[2020]</subfield>
  </datafield>
  <datafield tag="300" ind1=" " ind2=" ">
    <subfield code="a">pages cm</subfield>
  </datafield>
  <datafield tag="336" ind1=" " ind2=" ">
    <subfield code="a">text</subfield>
    <subfield code="b">txt</subfield>
    <subfield code="2">rdacontent</subfield>
  </datafield>
  <datafield tag="337" ind1=" " ind2=" ">
    <subfield code="a">unmediated</subfield>
    <subfield code="b">n</subfield>
    <subfield code="2">rdamedia</subfield>
  </datafield>
  <datafield tag="338" ind1=" " ind2=" ">
    <subfield code="a">volume</subfield>
    <subfield code="b">nc</subfield>
    <subfield code="2">rdacarrier</subfield>
  </datafield>
  <datafield tag="490" ind1="1" ind2=" ">
    <subfield code="a">Contemporary Buddhism</subfield>
  </datafield>
  <datafield tag="504" ind1=" " ind2=" ">
    <subfield code="a">Includes bibliographical references and index.</subfield>
  </datafield>
  <datafield tag="505" ind1="0" ind2=" ">
    <subfield code="a">The Lama&apos;s Shoes: Tibetan Perspectives on Monastic Wealth and Virtue / Jane Caple -- A Sino-Tibetan Buddhist Modernism: Religious Marketplace, Constellative Networking, and Urbanism / Dan Smyer Yü -- Prosperous Temple Buddhism and NRM Prosperity Buddhism / Jørn Borup -- The Soka Gakkai Economy: Measuring Cycles of Exchange That Power Japan&apos;s Largest Buddhist Lay Organization / Levi McLaughlin -- The Mindful Gardener and the Good Employee: Mindfulness Practice and Affective Labor in Danish Workplaces / Marianne Viftrup Hedegaard -- Branding and/as Religion: The Case of Buddhist-Related Images, Semantics, and Designs / Inken Prohl -- Marketing the Buddha and Its Blasphemy / Michael Jerryson -- Economies of Religion, Buddhism and Economy, Buddhist Economics: Challenges and Perspectives / Lionel Obadia</subfield>
  </datafield>
  <datafield tag="520" ind1=" " ind2=" ">
    <subfield code="a">&quot;The objective of the book is to present novel insights into contemporary relations between Buddhism and economy. As an interdisciplinary project, it approaches the study of Buddhism and economy from various perspectives and locations. It provides new empirical research and pushes forward analytical discussions, including: the impact of capitalism and neoliberalism on Buddhist economic relations; the negotiations of morality and value within Buddhist-economic exchanges; how Buddhist networks have risen and spread through global market exchanges and relations; the complex and contentious transformations and ensuing challenges such issues pose to exchange relations and the resulting shifting value regimes. The main argument presented in this book is that Buddhists are necessarily embedded in the global market economy and have various strategies for working within the consumer society and the new spirit of capitalism. Thus, rather than offering normative economic models based upon ideals labelled as Buddhist, the nine chapters constituting this volume turn to how Buddhists and non-Buddhists engage Buddhism within the global market economy&quot;--</subfield>
    <subfield code="c">Provided by publisher.</subfield>
  </datafield>
  <datafield tag="650" ind1=" " ind2="0">
    <subfield code="a">Buddhism</subfield>
    <subfield code="x">Economic aspects.</subfield>
  </datafield>
  <datafield tag="650" ind1=" " ind2="0">
    <subfield code="a">Economics</subfield>
    <subfield code="x">Religious aspects</subfield>
    <subfield code="x">Buddhism.</subfield>
  </datafield>
  <datafield tag="700" ind1="1" ind2=" ">
    <subfield code="a">Brox, Trine,</subfield>
    <subfield code="e">editor.</subfield>
  </datafield>
  <datafield tag="700" ind1="1" ind2=" ">
    <subfield code="a">Williams-Oerberg, Elizabeth,</subfield>
    <subfield code="e">editor.</subfield>
  </datafield>
  <datafield tag="830" ind1=" " ind2="0">
    <subfield code="a">Contemporary Buddhism.</subfield>
  </datafield>
  <datafield tag="985" ind1=" " ind2=" ">
    <subfield code="a">HUCIP</subfield>
    <subfield code="d">2019-12-12</subfield>
  </datafield>
</record>