
<record>
  <leader>01993cjm a22003857i 4500</leader>
  <controlfield tag="001">21343939</controlfield>
  <controlfield tag="005">20200104184420.0</controlfield>
  <controlfield tag="007">sd fsngnnmmned</controlfield>
  <controlfield tag="008">191223t20092009ir zzn|  i        | pero </controlfield>
  <datafield tag="906" ind1=" " ind2=" ">
    <subfield code="a">7</subfield>
    <subfield code="b">cbc</subfield>
    <subfield code="c">origres</subfield>
    <subfield code="d">2</subfield>
    <subfield code="e">ncip</subfield>
    <subfield code="f">20</subfield>
    <subfield code="g">y-soundrec</subfield>
  </datafield>
  <datafield tag="925" ind1="0" ind2=" ">
    <subfield code="a">acquire</subfield>
    <subfield code="b">2 shelf copies</subfield>
    <subfield code="x">policy default</subfield>
  </datafield>
  <datafield tag="955" ind1=" " ind2=" ">
    <subfield code="a">qr09 2019-12-23 z-client</subfield>
    <subfield code="i">qr09 2019-12-23</subfield>
  </datafield>
  <datafield tag="010" ind1=" " ind2=" ">
    <subfield code="a">  2019657417</subfield>
  </datafield>
  <datafield tag="024" ind1="3" ind2=" ">
    <subfield code="a">6260608003306</subfield>
  </datafield>
  <datafield tag="028" ind1="0" ind2="2">
    <subfield code="a">KM.CD-58</subfield>
    <subfield code="b">Kârgâh-e Musiqi</subfield>
  </datafield>
  <datafield tag="040" ind1=" " ind2=" ">
    <subfield code="a">DLC</subfield>
    <subfield code="b">eng</subfield>
    <subfield code="e">rda</subfield>
    <subfield code="c">DLC</subfield>
    <subfield code="d">DLC</subfield>
  </datafield>
  <datafield tag="050" ind1="0" ind2="0">
    <subfield code="a">SDD 32111</subfield>
  </datafield>
  <datafield tag="100" ind1="1" ind2=" ">
    <subfield code="a">Asadollahi, Rahman,</subfield>
    <subfield code="e">performer.</subfield>
  </datafield>
  <datafield tag="245" ind1="1" ind2="0">
    <subfield code="a">Rengʹhā-yi Āz̲arba̲yjān /</subfield>
    <subfield code="c">gārmūn: Raḥmān Asad Allāhī ; naqqarah: Vaḥīd Asad Allāhī =</subfield>
    <subfield code="b">Reng-hâ-ye Âzarbâyejân / garmon: Rahmân Asadollâhi ; naqqâre: Vahid Asadollâhi.</subfield>
  </datafield>
  <datafield tag="246" ind1="1" ind2=" ">
    <subfield code="i">Romanized title:</subfield>
    <subfield code="a">Reng-hâ-ye Âzarbâyejân</subfield>
  </datafield>
  <datafield tag="246" ind1="1" ind2=" ">
    <subfield code="i">Romanized title on container:</subfield>
    <subfield code="a">Rengs of Âzarbâyejân</subfield>
  </datafield>
  <datafield tag="264" ind1=" " ind2="1">
    <subfield code="a">Tihrān :</subfield>
    <subfield code="b">Kārgāh-i Mūsīqī,</subfield>
    <subfield code="c">2009.</subfield>
  </datafield>
  <datafield tag="264" ind1=" " ind2="4">
    <subfield code="c">©2009</subfield>
  </datafield>
  <datafield tag="300" ind1=" " ind2=" ">
    <subfield code="a">1 audio disc (49 min. 41 sec.) :</subfield>
    <subfield code="b">digital ;</subfield>
    <subfield code="c">4 3/4 in.</subfield>
  </datafield>
  <datafield tag="336" ind1=" " ind2=" ">
    <subfield code="a">performed music</subfield>
    <subfield code="b">prm</subfield>
    <subfield code="2">rdacontent</subfield>
  </datafield>
  <datafield tag="337" ind1=" " ind2=" ">
    <subfield code="a">audio</subfield>
    <subfield code="b">s</subfield>
    <subfield code="2">rdamedia</subfield>
  </datafield>
  <datafield tag="338" ind1=" " ind2=" ">
    <subfield code="a">audio disc</subfield>
    <subfield code="b">sd</subfield>
    <subfield code="2">rdacarrier</subfield>
  </datafield>
  <datafield tag="511" ind1="0" ind2=" ">
    <subfield code="a">Rahmân Asadollâhi, garmon ; Vahid Asadollâhi, naqqâre ; Nâzem Hoseyni, piano ; Hamlet Aliev, qoshâ naggâre.</subfield>
  </datafield>
  <datafield tag="500" ind1=" " ind2=" ">
    <subfield code="a">Program notes in Persian with English translation inserted in container.</subfield>
  </datafield>
  <datafield tag="500" ind1=" " ind2=" ">
    <subfield code="a">Contents also in Persian (Arabic script).</subfield>
  </datafield>
  <datafield tag="505" ind1="0" ind2=" ">
    <subfield code="a">Tarakama, Segâh darâhmadi, Khâlkhoz ringi, Ây chichak, Ây bay toyun mubârak, Toylâr mubârak (segâh) (17:03) -- Mamash ringi (Mâhur) (4:12) -- Jeyrâni (Bayâti Qâjâr) (3:45) -- Ânâ (Segâh) (8:31) -- Yâniq Karami (Segâh) (8:51) -- Vâghzâli (Segâh) (7:14).</subfield>
  </datafield>
  <datafield tag="650" ind1=" " ind2="0">
    <subfield code="a">Music</subfield>
    <subfield code="z">Iran</subfield>
    <subfield code="z">Azerbaijan.</subfield>
  </datafield>
  <datafield tag="650" ind1=" " ind2="7">
    <subfield code="a">Music.</subfield>
    <subfield code="2">fast</subfield>
    <subfield code="0">(OCoLC)fst01030269</subfield>
  </datafield>
  <datafield tag="651" ind1=" " ind2="7">
    <subfield code="a">Iran</subfield>
    <subfield code="z">Azerbaijan.</subfield>
    <subfield code="2">fast</subfield>
    <subfield code="0">(OCoLC)fst01241266</subfield>
  </datafield>
  <datafield tag="700" ind1="1" ind2=" ">
    <subfield code="a">Asadollâhi, Vahid,</subfield>
    <subfield code="e">performer.</subfield>
  </datafield>
</record>