
<record>
  <leader>02571cjm a22005057i 4500</leader>
  <controlfield tag="001">21344196</controlfield>
  <controlfield tag="005">20200104185628.0</controlfield>
  <controlfield tag="007">sd fsngnnmmned</controlfield>
  <controlfield tag="008">191223p20162015ir fmn|           | zxxo </controlfield>
  <datafield tag="906" ind1=" " ind2=" ">
    <subfield code="a">7</subfield>
    <subfield code="b">cbc</subfield>
    <subfield code="c">origres</subfield>
    <subfield code="d">2</subfield>
    <subfield code="e">ncip</subfield>
    <subfield code="f">20</subfield>
    <subfield code="g">y-soundrec</subfield>
  </datafield>
  <datafield tag="925" ind1="0" ind2=" ">
    <subfield code="a">acquire</subfield>
    <subfield code="b">2 shelf copies</subfield>
    <subfield code="x">policy default</subfield>
  </datafield>
  <datafield tag="955" ind1=" " ind2=" ">
    <subfield code="a">qr09 2019-12-23 z-client</subfield>
    <subfield code="i">qr09 2019-12-23</subfield>
  </datafield>
  <datafield tag="010" ind1=" " ind2=" ">
    <subfield code="a">  2019657423</subfield>
  </datafield>
  <datafield tag="024" ind1="3" ind2=" ">
    <subfield code="a">6260608005584</subfield>
  </datafield>
  <datafield tag="028" ind1="0" ind2="2">
    <subfield code="a">M.CD-455</subfield>
    <subfield code="b">Mahoor Institute of Culture and Arts</subfield>
  </datafield>
  <datafield tag="040" ind1=" " ind2=" ">
    <subfield code="a">DLC</subfield>
    <subfield code="b">eng</subfield>
    <subfield code="e">rda</subfield>
    <subfield code="c">DLC</subfield>
    <subfield code="d">DLC</subfield>
  </datafield>
  <datafield tag="041" ind1="0" ind2=" ">
    <subfield code="a">per</subfield>
    <subfield code="b">eng</subfield>
  </datafield>
  <datafield tag="043" ind1=" " ind2=" ">
    <subfield code="a">a-ir---</subfield>
  </datafield>
  <datafield tag="050" ind1="0" ind2="0">
    <subfield code="a">SDD 32115</subfield>
  </datafield>
  <datafield tag="100" ind1="1" ind2=" ">
    <subfield code="a">Khezri, Hamid,</subfield>
    <subfield code="d">1969-,</subfield>
    <subfield code="e">composer,</subfield>
    <subfield code="e">performer.</subfield>
  </datafield>
  <datafield tag="245" ind1="1" ind2="0">
    <subfield code="a">Mūsīqī-i shamāl-i Khurāsān /</subfield>
    <subfield code="c">dūtār Ḥamīd Khiz̤rī = Music of Northern Khorâsân / Hamid Khezri, dotâr.</subfield>
  </datafield>
  <datafield tag="246" ind1="3" ind2="1">
    <subfield code="a">Music of Northern Khorâsân</subfield>
  </datafield>
  <datafield tag="264" ind1=" " ind2="1">
    <subfield code="a">Tihrān :</subfield>
    <subfield code="b">Muʼassasah-i Farhangī-i Hunarī-i Māhūr,</subfield>
    <subfield code="c">1394 [2015]</subfield>
  </datafield>
  <datafield tag="264" ind1=" " ind2="4">
    <subfield code="c">©1395 [2016]</subfield>
  </datafield>
  <datafield tag="300" ind1=" " ind2=" ">
    <subfield code="a">1 audio disc (49 min., 37 sec.) :</subfield>
    <subfield code="b">digital ;</subfield>
    <subfield code="c">4 3/4 in. +</subfield>
    <subfield code="e">1 booklet (5, 3 pages : illustration ; 12 x 13 cm)</subfield>
  </datafield>
  <datafield tag="336" ind1=" " ind2=" ">
    <subfield code="a">performed music</subfield>
    <subfield code="b">prm</subfield>
    <subfield code="2">rdacontent</subfield>
  </datafield>
  <datafield tag="337" ind1=" " ind2=" ">
    <subfield code="a">audio</subfield>
    <subfield code="b">s</subfield>
    <subfield code="2">rdamedia</subfield>
  </datafield>
  <datafield tag="338" ind1=" " ind2=" ">
    <subfield code="a">audio disc</subfield>
    <subfield code="b">sd</subfield>
    <subfield code="2">rdacarrier</subfield>
  </datafield>
  <datafield tag="347" ind1=" " ind2=" ">
    <subfield code="a">audio file</subfield>
    <subfield code="b">CD audio</subfield>
    <subfield code="2">rda</subfield>
  </datafield>
  <datafield tag="490" ind1="0" ind2=" ">
    <subfield code="a">Mūsīqī-i navāḥī-i Īrān ;</subfield>
    <subfield code="v">61 =</subfield>
    <subfield code="a">Regional music of Iran ;</subfield>
    <subfield code="v">61</subfield>
  </datafield>
  <datafield tag="511" ind1="0" ind2=" ">
    <subfield code="a">Hamid Khezri, dotar</subfield>
  </datafield>
  <datafield tag="500" ind1=" " ind2=" ">
    <subfield code="a">Compact disc.</subfield>
  </datafield>
  <datafield tag="500" ind1=" " ind2=" ">
    <subfield code="a">Notes in English and Persian in booklet.</subfield>
  </datafield>
  <datafield tag="505" ind1="0" ind2="0">
    <subfield code="t">Maqâm-e Bayât</subfield>
    <subfield code="g">(4:22) --</subfield>
    <subfield code="t">Leyli-o Leylân</subfield>
    <subfield code="g">(1:51) --</subfield>
    <subfield code="t">Dondovây</subfield>
    <subfield code="g">(5:01) --</subfield>
    <subfield code="t">Maqâm-e Shâh Bahrâm</subfield>
    <subfield code="g">(4:11) --</subfield>
    <subfield code="t">Maqâm-e Gerâyeli</subfield>
    <subfield code="g">(7:38) --</subfield>
    <subfield code="t">Karam</subfield>
    <subfield code="g">(2:30) --</subfield>
    <subfield code="t">Khâl-e Narges</subfield>
    <subfield code="g">(2:12) --</subfield>
    <subfield code="t">Maqâm-e Ja&apos;far-Qoli</subfield>
    <subfield code="g">(1:49) --</subfield>
    <subfield code="t">Ey Jamâl</subfield>
    <subfield code="g">(2:25) --</subfield>
    <subfield code="t">Fâteme Jân (1)</subfield>
    <subfield code="g">(2:17) --</subfield>
    <subfield code="t">Zari Jân</subfield>
    <subfield code="g">(2:18) --</subfield>
    <subfield code="t">Gharib Âsheq</subfield>
    <subfield code="g">(2:48) --</subfield>
    <subfield code="t">Fâteme Jân (2)</subfield>
    <subfield code="g">(1:47) --</subfield>
    <subfield code="t">Khajey Lore</subfield>
    <subfield code="g">(1:23) --</subfield>
    <subfield code="t">Miram Dargaz</subfield>
    <subfield code="g">(1:45) --</subfield>
    <subfield code="t">Maqâm-e Bolbol</subfield>
    <subfield code="g">(2:47) --</subfield>
    <subfield code="t">Maqâm-e Jowlân-e Kuroghlu</subfield>
    <subfield code="g">(2:31).</subfield>
  </datafield>
  <datafield tag="650" ind1=" " ind2="0">
    <subfield code="a">Folk music</subfield>
    <subfield code="z">Iran</subfield>
    <subfield code="z">Khurāsān.</subfield>
  </datafield>
  <datafield tag="650" ind1=" " ind2="0">
    <subfield code="a">Dutār music.</subfield>
  </datafield>
  <datafield tag="650" ind1=" " ind2="0">
    <subfield code="a">Maqāms (Iraqi music)</subfield>
    <subfield code="z">Iran</subfield>
    <subfield code="z">Khurāsān.</subfield>
  </datafield>
  <datafield tag="650" ind1=" " ind2="0">
    <subfield code="a">Islamic music</subfield>
    <subfield code="z">Iran</subfield>
    <subfield code="z">Khurāsān.</subfield>
  </datafield>
  <datafield tag="650" ind1=" " ind2="7">
    <subfield code="a">Dutār music.</subfield>
    <subfield code="2">fast</subfield>
    <subfield code="0">(OCoLC)fst00899924</subfield>
  </datafield>
  <datafield tag="650" ind1=" " ind2="7">
    <subfield code="a">Folk music.</subfield>
    <subfield code="2">fast</subfield>
    <subfield code="0">(OCoLC)fst00929383</subfield>
  </datafield>
  <datafield tag="650" ind1=" " ind2="7">
    <subfield code="a">Folk songs.</subfield>
    <subfield code="2">fast</subfield>
    <subfield code="0">(OCoLC)fst00929707</subfield>
  </datafield>
  <datafield tag="650" ind1=" " ind2="7">
    <subfield code="a">Islamic music.</subfield>
    <subfield code="2">fast</subfield>
    <subfield code="0">(OCoLC)fst00979993</subfield>
  </datafield>
  <datafield tag="650" ind1=" " ind2="7">
    <subfield code="a">Maqāms (Iraqi music)</subfield>
    <subfield code="2">fast</subfield>
    <subfield code="0">(OCoLC)fst01008827</subfield>
  </datafield>
  <datafield tag="651" ind1=" " ind2="7">
    <subfield code="a">Iran</subfield>
    <subfield code="z">Khurāsān.</subfield>
    <subfield code="2">fast</subfield>
    <subfield code="0">(OCoLC)fst01206477</subfield>
  </datafield>
  <datafield tag="710" ind1="2" ind2=" ">
    <subfield code="a">Muʼassasah-i Farhangī-i Hunarī-i Māhūr,</subfield>
    <subfield code="e">issuing body.</subfield>
  </datafield>
</record>