
<record>
  <leader>03182cjm a22004697i 4500</leader>
  <controlfield tag="001">21344245</controlfield>
  <controlfield tag="005">20200104185201.0</controlfield>
  <controlfield tag="007">sd fsngnnmmned</controlfield>
  <controlfield tag="008">191223t20152015ir sgn|  i        | pero </controlfield>
  <datafield tag="906" ind1=" " ind2=" ">
    <subfield code="a">7</subfield>
    <subfield code="b">cbc</subfield>
    <subfield code="c">origres</subfield>
    <subfield code="d">2</subfield>
    <subfield code="e">ncip</subfield>
    <subfield code="f">20</subfield>
    <subfield code="g">y-soundrec</subfield>
  </datafield>
  <datafield tag="925" ind1="0" ind2=" ">
    <subfield code="a">acquire</subfield>
    <subfield code="b">2 shelf copies</subfield>
    <subfield code="x">policy default</subfield>
  </datafield>
  <datafield tag="955" ind1=" " ind2=" ">
    <subfield code="a">qr09 2019-12-23 z-client</subfield>
    <subfield code="i">qr09 2019-12-23</subfield>
  </datafield>
  <datafield tag="010" ind1=" " ind2=" ">
    <subfield code="a">  2019657422</subfield>
  </datafield>
  <datafield tag="024" ind1="3" ind2=" ">
    <subfield code="a">6260608003344</subfield>
  </datafield>
  <datafield tag="028" ind1="0" ind2="2">
    <subfield code="a">M.CD-398</subfield>
    <subfield code="b">Muʼassasahʹ-ī Farhangī, Hunarī-i Māhūr</subfield>
  </datafield>
  <datafield tag="040" ind1=" " ind2=" ">
    <subfield code="a">DLC</subfield>
    <subfield code="b">eng</subfield>
    <subfield code="e">rda</subfield>
    <subfield code="c">DLC</subfield>
    <subfield code="d">DLC</subfield>
  </datafield>
  <datafield tag="050" ind1="0" ind2="0">
    <subfield code="a">SDD 32116</subfield>
  </datafield>
  <datafield tag="066" ind1=" " ind2=" ">
    <subfield code="c">(3</subfield>
    <subfield code="c">(4</subfield>
    <subfield code="c">Arab</subfield>
  </datafield>
  <datafield tag="245" ind1="0" ind2="0">
    <subfield code="6">880-02</subfield>
    <subfield code="a">Naghmahʹhāʹ-yi Shikarīn :</subfield>
    <subfield code="b">vāsūnakʹhāʹ-yi Shīrāzʹī va tarānahʹhāʹ-yi manaṭiq-i Fārs = Naghme-hâ-ye Shekarin : vâsunaks from Shiraz and songs from various regions of Iran.</subfield>
  </datafield>
  <datafield tag="246" ind1="3" ind2="1">
    <subfield code="a">Naghme-hâ-ye Shekarin</subfield>
  </datafield>
  <datafield tag="246" ind1="3" ind2="0">
    <subfield code="a">Vâsunaks from Shiraz and songs from various regions of Iran</subfield>
  </datafield>
  <datafield tag="264" ind1=" " ind2="1">
    <subfield code="6">880-03</subfield>
    <subfield code="a">Tihrān :</subfield>
    <subfield code="b">Muʼassasahʹ-ī Farhangī, Hunarī-i Māhūr,</subfield>
    <subfield code="c">2015.</subfield>
  </datafield>
  <datafield tag="264" ind1=" " ind2="1">
    <subfield code="c">©2015</subfield>
  </datafield>
  <datafield tag="300" ind1=" " ind2=" ">
    <subfield code="a">2 audio discs (142:11) :</subfield>
    <subfield code="b">digital ;</subfield>
    <subfield code="c">4 1/4 in. +</subfield>
    <subfield code="e">1 booklet.</subfield>
  </datafield>
  <datafield tag="336" ind1=" " ind2=" ">
    <subfield code="a">performed music</subfield>
    <subfield code="b">prm</subfield>
    <subfield code="2">rdacontent</subfield>
  </datafield>
  <datafield tag="337" ind1=" " ind2=" ">
    <subfield code="a">audio</subfield>
    <subfield code="b">s</subfield>
    <subfield code="2">rdamedia</subfield>
  </datafield>
  <datafield tag="338" ind1=" " ind2=" ">
    <subfield code="a">audio disc</subfield>
    <subfield code="b">sd</subfield>
    <subfield code="2">rdacarrier</subfield>
  </datafield>
  <datafield tag="511" ind1="0" ind2=" ">
    <subfield code="a">Various vocalists ; unidentified instrumentalists.</subfield>
  </datafield>
  <datafield tag="500" ind1=" " ind2=" ">
    <subfield code="a">&quot;Compilation and accompanying notes by Dâmun Sheshboluki&quot;--Container.</subfield>
  </datafield>
  <datafield tag="500" ind1=" " ind2=" ">
    <subfield code="a">Program notes in Persian inserted in container.</subfield>
  </datafield>
  <datafield tag="500" ind1=" " ind2=" ">
    <subfield code="a">Contents also in Persian (Arabic script).</subfield>
  </datafield>
  <datafield tag="505" ind1="0" ind2=" ">
    <subfield code="a">CD 1. Eyshum Sabz-e Vâr (singer, Shekar Shirâzi) -- Dây Dâyi Juni, Balâl Balâlom (singer, Shekar Shirâzi) -- Châhârshanbe Suri (singer, Hasanzâde Shirâzi) -- Sâbunâti (singer, Hasanzâde Shirâzi) -- Jahromi (singer, Samad Oqâb) -- Vâsunak (singer, Hasanzâde Shirâzi) -- Eydetun Mobârak (singer, Hasanzâde Shirâzi) -- Known as &quot;Râh-e Shirâz&quot; (singer, Samad Oqâb) -- Jahromi, Dây Dâyi Juni : Biâ Berim Sarvessun (singer, Abbâs Montajam) -- Vâsunak (singer, Abbâs Montajam) -- Kâko Shirâzi (singer, Hasanzâde Shirâzi) -- Vâsunak (singer, Samad Oqâb) --</subfield>
  </datafield>
  <datafield tag="505" ind1="0" ind2=" ">
    <subfield code="a">CD 2. Vâsunak (singer, Shekar Shirâzi) -- Sâbunâti (singer, Samad Oqâb) -- Vâsunak (singer, Samad Oqâb) -- Âvâz-e Dashti (singer, Samad Oqâb) -- Biyâ Benshin Kenârom (singer, Shekar Shirâzi) -- Wedding rhyme -- Âtish be Junom Mizane : known as &quot;Khodâ Mehrabune&quot; (singer, Samad Oqâb) -- Nâzanin Show Khoto Didom (singer, Abbâs Montajam) -- Sâbunâti (singer, Shekar Shirâzi) -- Delbaru (singer, Mohammad Khalili) -- Âvâz-e Sar-e Kuhi (singer, Ali Zâreʼ) -- Folk poem from Shiraz (reciting, Kâvus Samandar) -- Vâsunak.</subfield>
  </datafield>
  <datafield tag="650" ind1=" " ind2="0">
    <subfield code="a">Music</subfield>
    <subfield code="z">Iran</subfield>
    <subfield code="z">Shīrāz.</subfield>
  </datafield>
  <datafield tag="650" ind1=" " ind2="0">
    <subfield code="a">Music</subfield>
    <subfield code="z">Iran.</subfield>
  </datafield>
  <datafield tag="650" ind1=" " ind2="0">
    <subfield code="a">Songs, Persian</subfield>
    <subfield code="z">Iran</subfield>
    <subfield code="z">Shīrāz.</subfield>
  </datafield>
  <datafield tag="650" ind1=" " ind2="0">
    <subfield code="a">Songs, Persian</subfield>
    <subfield code="z">Iran.</subfield>
  </datafield>
  <datafield tag="650" ind1=" " ind2="7">
    <subfield code="a">Music.</subfield>
    <subfield code="2">fast</subfield>
    <subfield code="0">(OCoLC)fst01030269</subfield>
  </datafield>
  <datafield tag="650" ind1=" " ind2="7">
    <subfield code="a">Songs, Persian.</subfield>
    <subfield code="2">fast</subfield>
    <subfield code="0">(OCoLC)fst01126478</subfield>
  </datafield>
  <datafield tag="651" ind1=" " ind2="7">
    <subfield code="a">Iran.</subfield>
    <subfield code="2">fast</subfield>
    <subfield code="0">(OCoLC)fst01204889</subfield>
  </datafield>
  <datafield tag="651" ind1=" " ind2="7">
    <subfield code="a">Iran</subfield>
    <subfield code="z">Shīrāz.</subfield>
    <subfield code="2">fast</subfield>
    <subfield code="0">(OCoLC)fst01208873</subfield>
  </datafield>
  <datafield tag="710" ind1="2" ind2=" ">
    <subfield code="a">Muʼassasah-i Farhangī-i Hunarī-i Māhūr,</subfield>
    <subfield code="e">issuing body.</subfield>
  </datafield>
</record>