
<record>
  <leader>02498cam a22004217i 4500</leader>
  <controlfield tag="001">21344811</controlfield>
  <controlfield tag="005">20200104135724.0</controlfield>
  <controlfield tag="008">191223s2019    gw            000 0 eng  </controlfield>
  <datafield tag="906" ind1=" " ind2=" ">
    <subfield code="a">7</subfield>
    <subfield code="b">cbc</subfield>
    <subfield code="c">copycat</subfield>
    <subfield code="d">2</subfield>
    <subfield code="e">ncip</subfield>
    <subfield code="f">20</subfield>
    <subfield code="g">y-gencatlg</subfield>
  </datafield>
  <datafield tag="925" ind1="0" ind2=" ">
    <subfield code="a">acquire</subfield>
    <subfield code="b">1 shelf copy</subfield>
    <subfield code="x">policy default</subfield>
  </datafield>
  <datafield tag="955" ind1=" " ind2=" ">
    <subfield code="b">rk47 2019-12-23 z-processor to USASH/ART</subfield>
    <subfield code="i">rk47 2020-01-04 to CALM</subfield>
  </datafield>
  <datafield tag="010" ind1=" " ind2=" ">
    <subfield code="a">  2019304167</subfield>
  </datafield>
  <datafield tag="015" ind1=" " ind2=" ">
    <subfield code="a">GBB977377</subfield>
    <subfield code="2">bnb</subfield>
  </datafield>
  <datafield tag="016" ind1="7" ind2=" ">
    <subfield code="a">019382735</subfield>
    <subfield code="2">Uk</subfield>
  </datafield>
  <datafield tag="020" ind1=" " ind2=" ">
    <subfield code="a">9783959940702</subfield>
    <subfield code="q">(hardcover)</subfield>
  </datafield>
  <datafield tag="035" ind1=" " ind2=" ">
    <subfield code="a">(OCoLC)on1114600653</subfield>
  </datafield>
  <datafield tag="040" ind1=" " ind2=" ">
    <subfield code="a">UKIIJ</subfield>
    <subfield code="b">eng</subfield>
    <subfield code="e">rda</subfield>
    <subfield code="c">UKIIJ</subfield>
    <subfield code="d">MEAUC</subfield>
    <subfield code="d">YDXIT</subfield>
    <subfield code="d">OHX</subfield>
    <subfield code="d">OCLCF</subfield>
    <subfield code="d">OCLCO</subfield>
    <subfield code="d">L2U</subfield>
    <subfield code="d">PTS</subfield>
    <subfield code="d">YDX</subfield>
    <subfield code="d">ERASA</subfield>
    <subfield code="d">UKMGB</subfield>
    <subfield code="d">EXC</subfield>
    <subfield code="d">RCE</subfield>
    <subfield code="d">DLC</subfield>
  </datafield>
  <datafield tag="042" ind1=" " ind2=" ">
    <subfield code="a">lccopycat</subfield>
  </datafield>
  <datafield tag="050" ind1="0" ind2="0">
    <subfield code="a">BP135</subfield>
    <subfield code="b">.M273 2019</subfield>
  </datafield>
  <datafield tag="082" ind1="0" ind2="4">
    <subfield code="a">297.124</subfield>
    <subfield code="2">23</subfield>
  </datafield>
  <datafield tag="245" ind1="0" ind2="4">
    <subfield code="a">The making of religious texts in Islam :</subfield>
    <subfield code="b">the fragment and the whole /</subfield>
    <subfield code="c">edited by Asma Hilali and S.R. Burge.</subfield>
  </datafield>
  <datafield tag="264" ind1=" " ind2="1">
    <subfield code="a">Berlin, Germany :</subfield>
    <subfield code="b">Gerlach Press,</subfield>
    <subfield code="c">2019.</subfield>
  </datafield>
  <datafield tag="300" ind1=" " ind2=" ">
    <subfield code="a">x, 246 pages ;</subfield>
    <subfield code="c">25 cm.</subfield>
  </datafield>
  <datafield tag="336" ind1=" " ind2=" ">
    <subfield code="a">text</subfield>
    <subfield code="b">txt</subfield>
    <subfield code="2">rdacontent</subfield>
  </datafield>
  <datafield tag="337" ind1=" " ind2=" ">
    <subfield code="a">unmediated</subfield>
    <subfield code="b">n</subfield>
    <subfield code="2">rdamedia</subfield>
  </datafield>
  <datafield tag="338" ind1=" " ind2=" ">
    <subfield code="a">volume</subfield>
    <subfield code="b">nc</subfield>
    <subfield code="2">rdacarrier</subfield>
  </datafield>
  <datafield tag="490" ind1="1" ind2=" ">
    <subfield code="a">Pre- and early islam series</subfield>
  </datafield>
  <datafield tag="504" ind1=" " ind2=" ">
    <subfield code="a">Includes bibliographical references (pages 221-243).</subfield>
  </datafield>
  <datafield tag="520" ind1="8" ind2=" ">
    <subfield code="a">&quot;This volume offers an interdisciplinary study of the modalities, actors, technicalities and consequences of the evolving of religious texts within the perspective of the fragment versus the whole. The focus is on fragmentary texts from Islamic religious sources, and includes contributions on Qur&apos;anic manuscripts, early graffiti, the formation of the Qur&apos;anic canon, the Hadith literature, and Old Babylonian extispicy texts. Three main topics are addressed: the text and its materiality; the structure of the text and the dynamic relationship between the fragment and the whole; and methods of shaping and reshaping traditions. The hermeneutical experience of the fragment versus the whole is explored in depth throughout, and the consequences addressed for the history of the religious text, its composition, its reception and its interpretation.&quot; --</subfield>
    <subfield code="c">Back cover.</subfield>
  </datafield>
  <datafield tag="650" ind1=" " ind2="0">
    <subfield code="a">Islam</subfield>
    <subfield code="x">Doctrines.</subfield>
  </datafield>
  <datafield tag="650" ind1=" " ind2="0">
    <subfield code="a">Islam</subfield>
    <subfield code="x">Sacred books.</subfield>
  </datafield>
  <datafield tag="650" ind1=" " ind2="7">
    <subfield code="a">Islam.</subfield>
    <subfield code="2">fast</subfield>
    <subfield code="0">(OCoLC)fst00979776</subfield>
  </datafield>
  <datafield tag="650" ind1=" " ind2="7">
    <subfield code="a">Islam</subfield>
    <subfield code="x">Doctrines.</subfield>
    <subfield code="2">fast</subfield>
    <subfield code="0">(OCoLC)fst00979787</subfield>
  </datafield>
  <datafield tag="655" ind1=" " ind2="7">
    <subfield code="a">Sacred books.</subfield>
    <subfield code="2">fast</subfield>
    <subfield code="0">(OCoLC)fst01423905</subfield>
  </datafield>
  <datafield tag="650" ind1=" " ind2="7">
    <subfield code="a">11.80 Islam: general.</subfield>
    <subfield code="2">nbc</subfield>
    <subfield code="0">(NL-LeOCL)077594533</subfield>
  </datafield>
  <datafield tag="700" ind1="1" ind2=" ">
    <subfield code="a">Hilali, Asma,</subfield>
    <subfield code="e">ditor,</subfield>
    <subfield code="e">writer of preface,</subfield>
    <subfield code="e">writer of introduction.</subfield>
  </datafield>
  <datafield tag="700" ind1="1" ind2=" ">
    <subfield code="a">Burge, S. R.,</subfield>
    <subfield code="e">editor.</subfield>
  </datafield>
  <datafield tag="830" ind1=" " ind2="0">
    <subfield code="a">Pre- and early islam series.</subfield>
  </datafield>
</record>