
<record>
  <leader>03166cam a22003858i 4500</leader>
  <controlfield tag="001">21345644</controlfield>
  <controlfield tag="005">20200104100055.0</controlfield>
  <controlfield tag="008">191214s2020    flu      b    001 0 eng  </controlfield>
  <datafield tag="906" ind1=" " ind2=" ">
    <subfield code="a">7</subfield>
    <subfield code="b">cbc</subfield>
    <subfield code="c">orignew</subfield>
    <subfield code="d">1</subfield>
    <subfield code="e">ecip</subfield>
    <subfield code="f">20</subfield>
    <subfield code="g">y-gencatlg</subfield>
  </datafield>
  <datafield tag="925" ind1="0" ind2=" ">
    <subfield code="a">acquire</subfield>
    <subfield code="b">1 shelf copy</subfield>
    <subfield code="x">policy default</subfield>
  </datafield>
  <datafield tag="955" ind1=" " ind2=" ">
    <subfield code="b">LBSOR 2019-12-14</subfield>
    <subfield code="e">re13 2019-12-30 to Dewey</subfield>
    <subfield code="w">xm06 2020-01-04</subfield>
  </datafield>
  <datafield tag="010" ind1=" " ind2=" ">
    <subfield code="a">  2019032691</subfield>
  </datafield>
  <datafield tag="020" ind1=" " ind2=" ">
    <subfield code="a">9781482246070</subfield>
    <subfield code="q">(hardback)</subfield>
  </datafield>
  <datafield tag="020" ind1=" " ind2=" ">
    <subfield code="z">9780429172410</subfield>
    <subfield code="q">(ebook)</subfield>
  </datafield>
  <datafield tag="040" ind1=" " ind2=" ">
    <subfield code="a">LBSOR/DLC</subfield>
    <subfield code="b">eng</subfield>
    <subfield code="e">rda</subfield>
    <subfield code="c">DLC</subfield>
  </datafield>
  <datafield tag="042" ind1=" " ind2=" ">
    <subfield code="a">pcc</subfield>
  </datafield>
  <datafield tag="050" ind1="0" ind2="0">
    <subfield code="a">GE45.R44</subfield>
    <subfield code="b">U66 2020</subfield>
  </datafield>
  <datafield tag="082" ind1="0" ind2="0">
    <subfield code="a">363.7/0630284</subfield>
    <subfield code="2">23</subfield>
  </datafield>
  <datafield tag="245" ind1="0" ind2="0">
    <subfield code="a">Unmanned aerial remote sensing :</subfield>
    <subfield code="b">UAS for environmental applications /</subfield>
    <subfield code="c">edited by David R. Green, Billy J. Gregory, and Alex Karachok.</subfield>
  </datafield>
  <datafield tag="263" ind1=" " ind2=" ">
    <subfield code="a">2002</subfield>
  </datafield>
  <datafield tag="264" ind1=" " ind2="1">
    <subfield code="a">Boca Raton :</subfield>
    <subfield code="b">CRC Press,</subfield>
    <subfield code="c">[2020]</subfield>
  </datafield>
  <datafield tag="300" ind1=" " ind2=" ">
    <subfield code="a">pages cm</subfield>
  </datafield>
  <datafield tag="336" ind1=" " ind2=" ">
    <subfield code="a">text</subfield>
    <subfield code="b">txt</subfield>
    <subfield code="2">rdacontent</subfield>
  </datafield>
  <datafield tag="337" ind1=" " ind2=" ">
    <subfield code="a">unmediated</subfield>
    <subfield code="b">n</subfield>
    <subfield code="2">rdamedia</subfield>
  </datafield>
  <datafield tag="338" ind1=" " ind2=" ">
    <subfield code="a">volume</subfield>
    <subfield code="b">nc</subfield>
    <subfield code="2">rdacarrier</subfield>
  </datafield>
  <datafield tag="504" ind1=" " ind2=" ">
    <subfield code="a">Includes bibliographical references and index.</subfield>
  </datafield>
  <datafield tag="505" ind1="0" ind2=" ">
    <subfield code="a">From radio controlled model aircraft to drones -- Aquatic vegetation monitoring with UAS -- Unmanned aerial vehicles for riverine environments -- Low-Cost UAVs for environmental monitoring, mapping, and modelling of the coastal zone -- Unmanned aerial system applications to coastal environments -- UAV image acquisition using structure from motion to visualise a coastal dune system -- Monitoring, mapping, and modelling saltmarsh with UAVs -- Autonomous UAV-based insect monitoring -- UAV imagery to monitor, map, and model a vineyard canopy to aid the application of precision viticulture to small-area vineyards -- Forest ecosystem monitoring using unmanned aerial systems -- Monitoring oil and gas pipelines with small UAV systems -- Drone-based imaging in archaeology : current applications and future prospects -- Unmanned aerial system (UAS) applications in the built environment : towards automated building inspection procedures using drones -- The application of UAVs to inform coastal area management -- From land to sea : monitoring the underwater environment with drone technology -- A question of UAS ground control : frequency and distribution -- Launch and recovery system for improved fixed-wing UAV deployment in complex environments.</subfield>
  </datafield>
  <datafield tag="520" ind1=" " ind2=" ">
    <subfield code="a">&quot;In response to the rapidly evolving technology and applications UAS technology, this book discusses both UAV and similar systems&apos; platforms and environmental applications. The platforms and sensors provide the setting while the applications chapters are focused on the environment from monitoring to mapping. The book also addresses the constraints placed on the use of the technology in some circumstances e.g. safety, invasion of privacy etc. The book provides a comprehensive overview on a rapidly developing area of technology&quot;--</subfield>
    <subfield code="c">Provided by publisher.</subfield>
  </datafield>
  <datafield tag="650" ind1=" " ind2="0">
    <subfield code="a">Environmental monitoring</subfield>
    <subfield code="x">Remote sensing.</subfield>
  </datafield>
  <datafield tag="650" ind1=" " ind2="0">
    <subfield code="a">Environmental mapping</subfield>
    <subfield code="x">Remote sensing.</subfield>
  </datafield>
  <datafield tag="650" ind1=" " ind2="0">
    <subfield code="a">Drone aircraft in remote sensing.</subfield>
  </datafield>
  <datafield tag="700" ind1="1" ind2=" ">
    <subfield code="a">Green, David R.,</subfield>
    <subfield code="d">1954-</subfield>
    <subfield code="e">editor.</subfield>
  </datafield>
  <datafield tag="700" ind1="1" ind2=" ">
    <subfield code="a">Gregory, Billy J.,</subfield>
    <subfield code="e">editor.</subfield>
  </datafield>
  <datafield tag="700" ind1="1" ind2=" ">
    <subfield code="a">Karachok, Alexander,</subfield>
    <subfield code="e">editor.</subfield>
  </datafield>
  <datafield tag="985" ind1=" " ind2=" ">
    <subfield code="a">LBSORCIP</subfield>
    <subfield code="d">2019-12-14</subfield>
  </datafield>
</record>