
<record>
  <leader>01937cam a22003255i 4500</leader>
  <controlfield tag="001">21348193</controlfield>
  <controlfield tag="005">20200104033650.0</controlfield>
  <controlfield tag="008">191231s2019    mr            000 0 ara  </controlfield>
  <datafield tag="906" ind1=" " ind2=" ">
    <subfield code="a">0</subfield>
    <subfield code="b">ibc</subfield>
    <subfield code="c">origode</subfield>
    <subfield code="d">3</subfield>
    <subfield code="e">ncip</subfield>
    <subfield code="f">20</subfield>
    <subfield code="g">y-nonroman</subfield>
  </datafield>
  <datafield tag="925" ind1="0" ind2=" ">
    <subfield code="a">acquire</subfield>
    <subfield code="b">1 shelf copy</subfield>
    <subfield code="x">policy default</subfield>
  </datafield>
  <datafield tag="955" ind1=" " ind2=" ">
    <subfield code="b">we57 2020-01-04 to ASME/ME</subfield>
  </datafield>
  <datafield tag="010" ind1=" " ind2=" ">
    <subfield code="a">  2019444646</subfield>
  </datafield>
  <datafield tag="020" ind1=" " ind2=" ">
    <subfield code="a">9789920968409</subfield>
  </datafield>
  <datafield tag="037" ind1=" " ind2=" ">
    <subfield code="c">130.00 MAD</subfield>
  </datafield>
  <datafield tag="040" ind1=" " ind2=" ">
    <subfield code="a">DLC</subfield>
    <subfield code="b">eng</subfield>
    <subfield code="e">rda</subfield>
    <subfield code="c">DLC</subfield>
  </datafield>
  <datafield tag="042" ind1=" " ind2=" ">
    <subfield code="a">pcc</subfield>
    <subfield code="a">lcode</subfield>
  </datafield>
  <datafield tag="066" ind1=" " ind2=" ">
    <subfield code="c">(3</subfield>
  </datafield>
  <datafield tag="111" ind1="2" ind2=" ">
    <subfield code="a">Multaqá Adūz al-ʻIlmī</subfield>
    <subfield code="n">(11th :</subfield>
    <subfield code="d">2012 :</subfield>
    <subfield code="c">Sous Region, Morocco)</subfield>
  </datafield>
  <datafield tag="245" ind1="1" ind2="0">
    <subfield code="6">880-01</subfield>
    <subfield code="a">Fiqh al-nawāzil bi-al-janūb al-Maghribī :</subfield>
    <subfield code="b">takrīman lil-ʻAllāmah al-Shaykh Sīdī al-Maḥfūẓ al-Adūzī wa-tilmīdhah al-ʻAllāmah al-Qāḍī Sīdī Aḥmad Ūʻmū al-Tīznītī /</subfield>
    <subfield code="c">taqdīm D. Aḥmad al-Hāshimī ; tansīq Dh. Ḥasan ʻAjjūl.</subfield>
  </datafield>
  <datafield tag="880" ind1="1" ind2="0">
    <subfield code="6">245-01/(3/r‏</subfield>
    <subfield code="a">‏فقه النوازل بالجنوب المغربي :‏</subfield>
    <subfield code="b">‏تكريما للعلامة الشيخ سيدي المحفوظ الأدوزي وتلميذة العلامة القاضي سيدي أحمد أوعمو التيزنيتي /‏</subfield>
    <subfield code="c">‏تقديم د. أحمد الهاشمي ؛ تنسيق ذ. حسن عجول.</subfield>
  </datafield>
  <datafield tag="250" ind1=" " ind2=" ">
    <subfield code="6">880-02</subfield>
    <subfield code="a">al-Ṭabʻah al-ūlá.</subfield>
  </datafield>
  <datafield tag="880" ind1=" " ind2=" ">
    <subfield code="6">250-02/(3/r‏</subfield>
    <subfield code="a">‏الطبعة الأولى.</subfield>
  </datafield>
  <datafield tag="264" ind1=" " ind2="1">
    <subfield code="6">880-03</subfield>
    <subfield code="a">Anzī [Morocco] :</subfield>
    <subfield code="b">Jamʻiyat Adūz lil-Tanmīyah wa-al-Taʻāwun,</subfield>
    <subfield code="c">2019.</subfield>
  </datafield>
  <datafield tag="880" ind1=" " ind2="1">
    <subfield code="6">264-03/(3/r‏</subfield>
    <subfield code="a">‏أنزي [Morocco] :‏</subfield>
    <subfield code="b">‏جمعية أدوز للتنمية والتعاون،‏</subfield>
    <subfield code="c">‏‪2019‬.</subfield>
  </datafield>
  <datafield tag="300" ind1=" " ind2=" ">
    <subfield code="a">491 pages ;</subfield>
    <subfield code="c">24 cm</subfield>
  </datafield>
  <datafield tag="336" ind1=" " ind2=" ">
    <subfield code="a">text</subfield>
    <subfield code="b">txt</subfield>
    <subfield code="2">rdacontent</subfield>
  </datafield>
  <datafield tag="337" ind1=" " ind2=" ">
    <subfield code="a">unmediated</subfield>
    <subfield code="b">n</subfield>
    <subfield code="2">rdamedia</subfield>
  </datafield>
  <datafield tag="338" ind1=" " ind2=" ">
    <subfield code="a">volume</subfield>
    <subfield code="b">nc</subfield>
    <subfield code="2">rdacarrier</subfield>
  </datafield>
  <datafield tag="520" ind1=" " ind2=" ">
    <subfield code="a">Adūzī, al-Maḥfūẓ ibn ʻAbd al-Raḥmān, 1860-1932; Tīznītī, Aḥmad Ūʻmū, 1904-1983; biography; festschriften; fatwas; Malikites; advisory opinions (Islamic law); Morocco; congresses.</subfield>
  </datafield>
  <datafield tag="985" ind1=" " ind2=" ">
    <subfield code="e">ODE-ca</subfield>
  </datafield>
</record>