
<record>
  <leader>03367cam a22004338i 4500</leader>
  <controlfield tag="001">21350035</controlfield>
  <controlfield tag="005">20200104172554.0</controlfield>
  <controlfield tag="006">m    do  c        </controlfield>
  <controlfield tag="007">cr_|||||||||||</controlfield>
  <controlfield tag="008">191231s2020    enk     ob    001 0 eng  </controlfield>
  <datafield tag="906" ind1=" " ind2=" ">
    <subfield code="a">7</subfield>
    <subfield code="b">cbc</subfield>
    <subfield code="c">orignew</subfield>
    <subfield code="d">1</subfield>
    <subfield code="e">ecip</subfield>
    <subfield code="f">20</subfield>
    <subfield code="g">y-gencatlg</subfield>
  </datafield>
  <datafield tag="925" ind1="0" ind2=" ">
    <subfield code="a">acquire</subfield>
    <subfield code="e">ecip ebook</subfield>
    <subfield code="x">policy default</subfield>
  </datafield>
  <datafield tag="955" ind1=" " ind2=" ">
    <subfield code="a">ecip ebook 2020-01-02</subfield>
  </datafield>
  <datafield tag="010" ind1=" " ind2=" ">
    <subfield code="a">  2019060035</subfield>
  </datafield>
  <datafield tag="020" ind1=" " ind2=" ">
    <subfield code="a">9781108769983</subfield>
    <subfield code="q">(ebook)</subfield>
  </datafield>
  <datafield tag="020" ind1=" " ind2=" ">
    <subfield code="z">9781108477581</subfield>
    <subfield code="q">(hardcover)</subfield>
  </datafield>
  <datafield tag="020" ind1=" " ind2=" ">
    <subfield code="z">9781108725750</subfield>
    <subfield code="q">(paperback)</subfield>
  </datafield>
  <datafield tag="040" ind1=" " ind2=" ">
    <subfield code="a">DLC</subfield>
    <subfield code="b">eng</subfield>
    <subfield code="c">DLC</subfield>
    <subfield code="e">rda</subfield>
  </datafield>
  <datafield tag="042" ind1=" " ind2=" ">
    <subfield code="a">pcc</subfield>
  </datafield>
  <datafield tag="050" ind1="0" ind2="0">
    <subfield code="a">BS480</subfield>
  </datafield>
  <datafield tag="082" ind1="0" ind2="0">
    <subfield code="a">221.6/6</subfield>
    <subfield code="2">23</subfield>
  </datafield>
  <datafield tag="100" ind1="1" ind2=" ">
    <subfield code="a">Zahn, Molly M.</subfield>
    <subfield code="q">(Molly Marie),</subfield>
    <subfield code="d">1979-</subfield>
    <subfield code="e">author.</subfield>
  </datafield>
  <datafield tag="245" ind1="1" ind2="0">
    <subfield code="a">Genres of rewriting in Second Temple Judaism :</subfield>
    <subfield code="b">scribal composition and transmission /</subfield>
    <subfield code="c">Molly M. Zahn, University of Kansas, Lawrence.</subfield>
  </datafield>
  <datafield tag="263" ind1=" " ind2=" ">
    <subfield code="a">2005</subfield>
  </datafield>
  <datafield tag="264" ind1=" " ind2="1">
    <subfield code="a">Cambridge, United Kingdom ;</subfield>
    <subfield code="a">New York, NY :</subfield>
    <subfield code="b">Cambridge University Press,</subfield>
    <subfield code="c">[2020]</subfield>
  </datafield>
  <datafield tag="300" ind1=" " ind2=" ">
    <subfield code="a">1 online resource</subfield>
  </datafield>
  <datafield tag="336" ind1=" " ind2=" ">
    <subfield code="a">text</subfield>
    <subfield code="b">txt</subfield>
    <subfield code="2">rdacontent</subfield>
  </datafield>
  <datafield tag="337" ind1=" " ind2=" ">
    <subfield code="a">computer</subfield>
    <subfield code="b">n</subfield>
    <subfield code="2">rdamedia</subfield>
  </datafield>
  <datafield tag="338" ind1=" " ind2=" ">
    <subfield code="a">online resource</subfield>
    <subfield code="b">nc</subfield>
    <subfield code="2">rdacarrier</subfield>
  </datafield>
  <datafield tag="504" ind1=" " ind2=" ">
    <subfield code="a">Includes bibliographical references and index.</subfield>
  </datafield>
  <datafield tag="505" ind1="0" ind2=" ">
    <subfield code="a">Rewriting, Revision, and Reuse: Language and Methods -- Genre and Rewriting -- Revision and Reuse in the Bible -- Beyond &quot;Rewritten Bible&quot;: Revision and Reuse in the Temple Scroll, Jubilees, and Qumran Sectarian Works -- Translation and/as Rewriting: The Greek Bible, theTargumim, and the Genesis Apocryphon -- Diverse Genres of Reuse: Centripetal, Limited, Historical Résumé, Pastiche -- Second Temple Rewriting in Context: Authority, Exegesis, and Scribal Culture.</subfield>
  </datafield>
  <datafield tag="520" ind1=" " ind2=" ">
    <subfield code="a">&quot;In this book, Molly Zahn investigates how early Jewish scribes rewrote their authoritative traditions in the course of transmitting them, from minor edits in the course of copying to whole new compositions based on prior works. Scholars have detected evidence for rewriting in a wide variety of textual contexts, but Zahn&apos;s is the first book to map manuscripts and translations of biblical books, so-called &apos;parabiblical&apos; compositions, and the sectarian literature from Qumran in relation to one another. She introduces a new, adaptable set of terms for talking about rewriting, using the idea of genre as a tool to compare and contrast different cases. Although rewriting has generally been understood as a vehicle for biblical interpretation, Zahn moves beyond that framework to demonstrate that rewriting was a pervasive textual strategy in the Second Temple period. Her book contributes to a powerful new model of early Jewish textuality, illuminating the rich and diverse culture out of which both rabbinic Judaism and early Christianity eventually emerged&quot;--</subfield>
    <subfield code="c">Provided by publisher.</subfield>
  </datafield>
  <datafield tag="588" ind1=" " ind2=" ">
    <subfield code="a">Description based on print version record and CIP data provided by publisher; resource not viewed.</subfield>
  </datafield>
  <datafield tag="630" ind1="0" ind2="0">
    <subfield code="a">Bible</subfield>
    <subfield code="x">Evidences, authority, etc.</subfield>
    <subfield code="x">History.</subfield>
  </datafield>
  <datafield tag="630" ind1="0" ind2="0">
    <subfield code="a">Bible</subfield>
    <subfield code="x">Criticism, Textual.</subfield>
  </datafield>
  <datafield tag="630" ind1="0" ind2="0">
    <subfield code="a">Dead Sea scrolls</subfield>
    <subfield code="x">Relation to the Old Testament.</subfield>
  </datafield>
  <datafield tag="650" ind1=" " ind2="0">
    <subfield code="a">Judaism</subfield>
    <subfield code="x">History</subfield>
    <subfield code="y">Post-exilic period, 586 B.C.-210 A.D.</subfield>
  </datafield>
  <datafield tag="776" ind1="0" ind2="8">
    <subfield code="i">Print version:</subfield>
    <subfield code="a">Zahn, Molly M. (Molly Marie), 1979-</subfield>
    <subfield code="t">Genres of rewriting in Second Temple Judaism</subfield>
    <subfield code="d">Cambridge, United Kingdom ; New York, NY : Cambridge University Press, [2020]</subfield>
    <subfield code="z">9781108477581</subfield>
    <subfield code="w">(DLC) 2019060034</subfield>
  </datafield>
  <datafield tag="985" ind1=" " ind2=" ">
    <subfield code="a">LC online resource</subfield>
    <subfield code="d">2020-01-02</subfield>
  </datafield>
</record>