
<record>
  <leader>03912cam a22003738i 4500</leader>
  <controlfield tag="001">21350037</controlfield>
  <controlfield tag="005">20200104090213.0</controlfield>
  <controlfield tag="008">191224s2020    utu      b    001 0 eng  </controlfield>
  <datafield tag="906" ind1=" " ind2=" ">
    <subfield code="a">7</subfield>
    <subfield code="b">cbc</subfield>
    <subfield code="c">orignew</subfield>
    <subfield code="d">1</subfield>
    <subfield code="e">ecip</subfield>
    <subfield code="f">20</subfield>
    <subfield code="g">y-gencatlg</subfield>
  </datafield>
  <datafield tag="925" ind1="0" ind2=" ">
    <subfield code="a">acquire</subfield>
    <subfield code="b">1 shelf copy</subfield>
    <subfield code="x">policy default</subfield>
  </datafield>
  <datafield tag="955" ind1=" " ind2=" ">
    <subfield code="b">UPB 2019-12-24</subfield>
    <subfield code="e">rf07 2020-01-03 (telework) to Dewey</subfield>
    <subfield code="w">xm06 2020-01-04</subfield>
  </datafield>
  <datafield tag="010" ind1=" " ind2=" ">
    <subfield code="a">  2019040614</subfield>
  </datafield>
  <datafield tag="020" ind1=" " ind2=" ">
    <subfield code="a">9781607817499</subfield>
    <subfield code="q">(paperback)</subfield>
  </datafield>
  <datafield tag="020" ind1=" " ind2=" ">
    <subfield code="z">9781607817505</subfield>
    <subfield code="q">(ebook)</subfield>
  </datafield>
  <datafield tag="040" ind1=" " ind2=" ">
    <subfield code="a">UBP/DLC</subfield>
    <subfield code="b">eng</subfield>
    <subfield code="e">rda</subfield>
    <subfield code="c">DLC</subfield>
  </datafield>
  <datafield tag="042" ind1=" " ind2=" ">
    <subfield code="a">pcc</subfield>
  </datafield>
  <datafield tag="050" ind1="0" ind2="0">
    <subfield code="a">E93</subfield>
    <subfield code="b">.D346 2020</subfield>
  </datafield>
  <datafield tag="082" ind1="0" ind2="0">
    <subfield code="a">323.1197/073</subfield>
    <subfield code="2">23</subfield>
  </datafield>
  <datafield tag="100" ind1="1" ind2=" ">
    <subfield code="a">DeJong, David H.,</subfield>
    <subfield code="e">author.</subfield>
  </datafield>
  <datafield tag="245" ind1="1" ind2="4">
    <subfield code="a">The Commissioners of Indian Affairs :</subfield>
    <subfield code="b">the United States Indian Office and the making of federal Indian policy, 1824 to 2017 /</subfield>
    <subfield code="c">David H. DeJong.</subfield>
  </datafield>
  <datafield tag="263" ind1=" " ind2=" ">
    <subfield code="a">2009</subfield>
  </datafield>
  <datafield tag="264" ind1=" " ind2="1">
    <subfield code="a">Salt Lake City :</subfield>
    <subfield code="b">University of Utah Press,</subfield>
    <subfield code="c">[2020]</subfield>
  </datafield>
  <datafield tag="300" ind1=" " ind2=" ">
    <subfield code="a">pages cm</subfield>
  </datafield>
  <datafield tag="336" ind1=" " ind2=" ">
    <subfield code="a">text</subfield>
    <subfield code="b">txt</subfield>
    <subfield code="2">rdacontent</subfield>
  </datafield>
  <datafield tag="337" ind1=" " ind2=" ">
    <subfield code="a">unmediated</subfield>
    <subfield code="b">n</subfield>
    <subfield code="2">rdamedia</subfield>
  </datafield>
  <datafield tag="338" ind1=" " ind2=" ">
    <subfield code="a">volume</subfield>
    <subfield code="b">nc</subfield>
    <subfield code="2">rdacarrier</subfield>
  </datafield>
  <datafield tag="504" ind1=" " ind2=" ">
    <subfield code="a">Includes bibliographical references and index.</subfield>
  </datafield>
  <datafield tag="505" ind1="0" ind2=" ">
    <subfield code="a">Preface : the Commissioners of Indian Affairs -- Aboriginal Indian title : the meaning of Indian Country -- &quot;Civilize or exterminate?&quot; : formative Indian policy : 1775-1849 -- &quot;Halfway across the continent&quot; : beginning of a reservation policy : 1849-1861 -- &quot;To conquer by kindness&quot; : civil war and peace policy : 1861-1881 -- &quot;Part of the great family&quot; : allotment and civilization : 1881-1904 -- &quot;The new Magna Charta&quot; : carrying civilization to the Indians : 1905-1928 -- &quot;Last chance for the Indians?&quot; : reorganization and New Deal : 1928-1948 -- &quot;Men, money, and management&quot; : termination and relocation: 1948-1962 -- &quot;Awakening the national conscience&quot; : The call for self-determination : 1961-1980 -- &quot;A federalist partnership&quot; : Indian self-determination: 1981-2017 -- &quot;A most anonymous position&quot; : federal Indian policy and the Bureau of Indian Affairs.</subfield>
  </datafield>
  <datafield tag="520" ind1=" " ind2=" ">
    <subfield code="a">&quot;For more than two hundred years, members of the executive, legislative, and judicial branches of t he American government have had a hand in shaping the course of federal Indian policy, or the legal relationship between the American federal government and the now more than 570 federally recognized tribal governments in the United States. Since 1824, it has been the responsibility of the Bureau of Indian Affairs (called the United States Indian Service until 1947) to support, enact, and administer the executive orders, congressional legislation, an d Supreme Court rulings relevant to Indian Country. In that time, a handful of policies, shaped by various, sometimes competing, and always changing attitudes toward Indians in the United States, have determined how and to what ends the BIA has approached its mission. Policies of civilization, emigration, reservations, assimilation, acculturation, termination, and consumerism, have and continue to dictate the terms and means by which the federal government administers Indian affairs in fulfillment of its constitutional and treaty obligations. In &quot;A Most Anonymous Position,&quot; David H. DeJong has written the first comprehensive history of federal Indian policy based on these policy strands and their enforcement by BIA commissioners and their assistant secretaries. BIA commissioners have always had enormous power to dictate the fate of Indians and their lands, a power that DeJong shows has been wielded in different ways and has changed with policy through the years&quot;--</subfield>
    <subfield code="c">Provided by publisher.</subfield>
  </datafield>
  <datafield tag="610" ind1="1" ind2="0">
    <subfield code="a">United States.</subfield>
    <subfield code="b">Office of Indian Affairs</subfield>
    <subfield code="x">History.</subfield>
  </datafield>
  <datafield tag="610" ind1="1" ind2="0">
    <subfield code="a">United States.</subfield>
    <subfield code="b">Bureau of Indian Affairs</subfield>
    <subfield code="x">History.</subfield>
  </datafield>
  <datafield tag="650" ind1=" " ind2="0">
    <subfield code="a">Indians of North America</subfield>
    <subfield code="x">Government relations.</subfield>
  </datafield>
  <datafield tag="776" ind1="0" ind2="8">
    <subfield code="i">Online version:</subfield>
    <subfield code="a">DeJong, David,</subfield>
    <subfield code="t">The Commissioners of Indian Affairs</subfield>
    <subfield code="d">Salt Lake City : University of Utah Press, 2020.</subfield>
    <subfield code="z">9781607817505</subfield>
    <subfield code="w">(DLC) 2019040615</subfield>
  </datafield>
  <datafield tag="985" ind1=" " ind2=" ">
    <subfield code="a">UBPCIP</subfield>
    <subfield code="d">2019-12-24</subfield>
  </datafield>
</record>