
<record>
  <leader>04753cam a22003978i 4500</leader>
  <controlfield tag="001">21350363</controlfield>
  <controlfield tag="005">20200104165243.0</controlfield>
  <controlfield tag="008">200103s2020    nyu      b    001 0 eng  </controlfield>
  <datafield tag="906" ind1=" " ind2=" ">
    <subfield code="a">0</subfield>
    <subfield code="b">ibc</subfield>
    <subfield code="c">orignew</subfield>
    <subfield code="d">1</subfield>
    <subfield code="e">ecip</subfield>
    <subfield code="f">20</subfield>
    <subfield code="g">y-gencatlg</subfield>
  </datafield>
  <datafield tag="925" ind1="0" ind2=" ">
    <subfield code="a">acquire</subfield>
    <subfield code="b">1 shelf copy</subfield>
    <subfield code="x">policy default</subfield>
  </datafield>
  <datafield tag="955" ind1=" " ind2=" ">
    <subfield code="b">vl31 2020-01-03</subfield>
    <subfield code="i">vl31 2020-01-03 telework to Dewey</subfield>
  </datafield>
  <datafield tag="010" ind1=" " ind2=" ">
    <subfield code="a">  2020000061</subfield>
  </datafield>
  <datafield tag="020" ind1=" " ind2=" ">
    <subfield code="a">9781138211735</subfield>
    <subfield code="q">(hardback)</subfield>
  </datafield>
  <datafield tag="020" ind1=" " ind2=" ">
    <subfield code="a">9781138489530</subfield>
    <subfield code="q">(paperback)</subfield>
  </datafield>
  <datafield tag="020" ind1=" " ind2=" ">
    <subfield code="z">9781315452333</subfield>
    <subfield code="q">(ebook)</subfield>
  </datafield>
  <datafield tag="040" ind1=" " ind2=" ">
    <subfield code="a">DLC</subfield>
    <subfield code="b">eng</subfield>
    <subfield code="e">rda</subfield>
    <subfield code="c">DLC</subfield>
  </datafield>
  <datafield tag="042" ind1=" " ind2=" ">
    <subfield code="a">pcc</subfield>
  </datafield>
  <datafield tag="050" ind1="0" ind2="0">
    <subfield code="a">ML3499.Y8</subfield>
    <subfield code="b">M34 2020</subfield>
  </datafield>
  <datafield tag="245" ind1="0" ind2="0">
    <subfield code="a">Made in Yugoslavia :</subfield>
    <subfield code="b">studies in popular music /</subfield>
    <subfield code="c">edited by Danijela Š. Beard and Ljerka V. Rasmussen.</subfield>
  </datafield>
  <datafield tag="250" ind1=" " ind2=" ">
    <subfield code="a">[1.]</subfield>
  </datafield>
  <datafield tag="263" ind1=" " ind2=" ">
    <subfield code="a">2006</subfield>
  </datafield>
  <datafield tag="264" ind1=" " ind2="1">
    <subfield code="a">New York :</subfield>
    <subfield code="b">Routledge,</subfield>
    <subfield code="c">2020.</subfield>
  </datafield>
  <datafield tag="300" ind1=" " ind2=" ">
    <subfield code="a">pages cm</subfield>
  </datafield>
  <datafield tag="336" ind1=" " ind2=" ">
    <subfield code="a">text</subfield>
    <subfield code="b">txt</subfield>
    <subfield code="2">rdacontent</subfield>
  </datafield>
  <datafield tag="337" ind1=" " ind2=" ">
    <subfield code="a">unmediated</subfield>
    <subfield code="b">n</subfield>
    <subfield code="2">rdamedia</subfield>
  </datafield>
  <datafield tag="338" ind1=" " ind2=" ">
    <subfield code="a">volume</subfield>
    <subfield code="b">nc</subfield>
    <subfield code="2">rdacarrier</subfield>
  </datafield>
  <datafield tag="490" ind1="0" ind2=" ">
    <subfield code="a">Routledge global popular music series</subfield>
  </datafield>
  <datafield tag="504" ind1=" " ind2=" ">
    <subfield code="a">Includes bibliographical references and index.</subfield>
  </datafield>
  <datafield tag="505" ind1="0" ind2=" ">
    <subfield code="a">Introduction. Popular Soundscapes of Yugoslavia / Danijela Š. Beard with Ljerka V. Rasmussen -- ZABAVNA-POP. Networking Zabavna Music : Singers, Festivals and Estrada / Jelena Arnautović ; &quot;Melodies from the Adriatic:&quot; Mediterranean Influence in Zabavna Music Festivals of the 1950s and 1960s / Anita Buhin ; The Sarajevo Pop-Rock Scene : Music from the Yugoslav Crossroads / Vesna Andree Zaimović ; Yugoslav Film and Popular Culture : Arsen Dedić&apos;s Songs in Films / Irena Paulus -- ROCK, PUNK, NEW WAVE. Belgrade Rock Experience : From Sixties Innocence to Eighties Relevance / Aleksandar Žikić  ; Jugoton : From State Recording Giant to Alternative Producer of Yugoslav New Wave / Branko Kostelnik ; “Absolutely Yours :” Yugoslav Disco under Late Socialism / Marko Zubak ; The Aesthetics of Music Videos in Yugoslav Rock Music : Josipa Lisac, EKV, Rambo Amadeus / Ivana Medić ; Bijelo Dugme : The Politics of Remembrance within the Post-Yugoslav Popular Music Scene / Ana Petrov -- NARODNA (FOLK) AND NEOFOLK MUSIC. Starogradska Muzika : An Ethnography of Musical Nostalgia / Marija Dumnić Vilotijević ; “My Juga, My Dearest Flower :” The Yugoslav Legacy of Newly Composed Folk Music Revisited / Iva Nenić  ; Music in Macedonia : Yugoslavia&apos;s Balkan Heartland / Velika Stojkova Serafimovska / Fantasy, Female Sexuality and Yugoslavism in the Music of Lepa Brena / Zlatan Delić -- THE POLITICS OF POPULAR MUSIC UNDER SOCIALISM. Yugoslavia in the Eurovision Song Contest / Dean Vuletic ; “Rocking the Party Line :” The Yugoslav Festival of Patriotic and Revolutionary Song and the Polemics of 1970s “Soc-Pop”  / Danijela Š. Beard ; “Comrades, We Don&apos;t Believe You!” Or, Do We Just Want to Dance With You? : The Slovenian Punk Subculture in Socialist Yugoslavia / Gregor Tomc ; Music Labor, Class and Socialist Entrepreneurship : Yugoslav Self-Management Revisited / Ana Hofman ; Music for the “Youth Day Central Ceremony” after Tito: De-ritualization and Other Indices of Yugoslav Decline  / Naila Ceribašić and Jelka Vukobratović -- CODA. Yugoslav Popular Music and Global Histories of the Cold War / Catherine Baker -- AFTERWORD. “What Would You Give to be in my Place? :”A Conversation with Goran Bregović / Vesna Andree Zaimović, Ljerka V. Rasmussen and Danijela Š. Beard.</subfield>
  </datafield>
  <datafield tag="520" ind1=" " ind2=" ">
    <subfield code="a">&quot;Made in Yugoslavia: Studies in Popular Music serves as a comprehensive and thorough introduction to the history, sociology, and musicology of popular music in Yugoslavia and the post-Yugoslav region across the twentieth and twenty-first centuries. The book consists of essays by leading scholars, and covers the major figures, styles, and social contexts of music in the region that for most of the past century was known as Yugoslavia. Exploring the role played by music in Yugoslav art, culture, social movements, and discourses of statehood, this book offers a gateway into scholarly explanation of a key region in Eastern Europe. An introduction provides an overview and background on popular music in Yugoslavia, followed by chapters in four thematic sections: Zabavna-Pop; Rock, Punk, and New Wave; Narodna (Folk) and Neofolk Music; and The Politics of Popular Music Under Socialism&quot;--</subfield>
    <subfield code="c">Provided by publisher.</subfield>
  </datafield>
  <datafield tag="650" ind1=" " ind2="0">
    <subfield code="a">Popular music</subfield>
    <subfield code="z">Yugoslavia</subfield>
    <subfield code="x">History and criticism.</subfield>
  </datafield>
  <datafield tag="650" ind1=" " ind2="0">
    <subfield code="a">Popular music</subfield>
    <subfield code="x">Political aspects</subfield>
    <subfield code="z">Yugoslavia</subfield>
    <subfield code="x">History</subfield>
    <subfield code="y">20th century.</subfield>
  </datafield>
  <datafield tag="650" ind1=" " ind2="0">
    <subfield code="a">Socialism and music</subfield>
    <subfield code="z">Yugoslavia</subfield>
    <subfield code="x">History</subfield>
    <subfield code="y">20th century.</subfield>
  </datafield>
  <datafield tag="700" ind1="1" ind2=" ">
    <subfield code="a">Beard, Danijela Š.,</subfield>
    <subfield code="e">editor.</subfield>
  </datafield>
  <datafield tag="700" ind1="1" ind2=" ">
    <subfield code="a">Rasmussen, Ljerka V.,</subfield>
    <subfield code="d">1958-</subfield>
    <subfield code="e">editor.</subfield>
  </datafield>
  <datafield tag="776" ind1="0" ind2="8">
    <subfield code="i">Online version:</subfield>
    <subfield code="t">Made in Yugoslavia</subfield>
    <subfield code="b">[1.]</subfield>
    <subfield code="d">New York : Routledge, 2020.</subfield>
    <subfield code="z">9781315452333</subfield>
    <subfield code="w">(DLC) 2020000062</subfield>
  </datafield>
</record>