
<record>
  <leader>03160cgm a22006977i 4500</leader>
  <controlfield tag="001">21351376</controlfield>
  <controlfield tag="005">20200104165619.0</controlfield>
  <controlfield tag="007">vd cvaiz|</controlfield>
  <controlfield tag="008">200103s2005    ir 090            mlper  </controlfield>
  <datafield tag="906" ind1=" " ind2=" ">
    <subfield code="a">0</subfield>
    <subfield code="b">ibc</subfield>
    <subfield code="c">orignew</subfield>
    <subfield code="d">u</subfield>
    <subfield code="e">ncip</subfield>
    <subfield code="f">20</subfield>
    <subfield code="g">y-movingim</subfield>
  </datafield>
  <datafield tag="955" ind1=" " ind2=" ">
    <subfield code="b">cm03 2020-01-03;</subfield>
    <subfield code="i">cm03 2019-xx-xx for SL &amp; EndProcess. to MBRS ; CHECK FIXED FIELDS FOR PLACE OF PUBLICATION &amp; LANGUAGE</subfield>
  </datafield>
  <datafield tag="010" ind1=" " ind2=" ">
    <subfield code="a">  2019390519</subfield>
  </datafield>
  <datafield tag="040" ind1=" " ind2=" ">
    <subfield code="a">DLC</subfield>
    <subfield code="b">eng</subfield>
    <subfield code="e">rda</subfield>
    <subfield code="c">DLC</subfield>
  </datafield>
  <datafield tag="041" ind1=" " ind2=" ">
    <subfield code="a">per</subfield>
  </datafield>
  <datafield tag="043" ind1=" " ind2=" ">
    <subfield code="a">a-ir---</subfield>
  </datafield>
  <datafield tag="046" ind1=" " ind2=" ">
    <subfield code="k">2005</subfield>
  </datafield>
  <datafield tag="050" ind1="0" ind2="0">
    <subfield code="a">DV (viewing copy) +</subfield>
  </datafield>
  <datafield tag="066" ind1=" " ind2=" ">
    <subfield code="c">(3</subfield>
    <subfield code="c">(4</subfield>
  </datafield>
  <datafield tag="245" ind1="0" ind2="0">
    <subfield code="6">880-01</subfield>
    <subfield code="a">Sīnimā sīnimāst /</subfield>
    <subfield code="c">kārgardān, Sayyid Z̤iyā al-Dīn Durrī.</subfield>
  </datafield>
  <datafield tag="880" ind1="0" ind2="0">
    <subfield code="6">245-01/(3/r‏</subfield>
    <subfield code="a">‏سينما سينماست /‏</subfield>
    <subfield code="c">‏کارگردان، سيد ضيا الدين درى.</subfield>
  </datafield>
  <datafield tag="246" ind1="1" ind2=" ">
    <subfield code="i">Variant title from container:</subfield>
    <subfield code="a">Cinema cinemast</subfield>
  </datafield>
  <datafield tag="246" ind1="1" ind2=" ">
    <subfield code="i">Variant title from IMDb/IMVbox:</subfield>
    <subfield code="a">Sinama Sinamast</subfield>
  </datafield>
  <datafield tag="246" ind1="1" ind2=" ">
    <subfield code="i">English title from IMDb/IMVbox:</subfield>
    <subfield code="a">Cinema Is Cinema</subfield>
  </datafield>
  <datafield tag="264" ind1=" " ind2="2">
    <subfield code="6">880-02</subfield>
    <subfield code="a">[Tehran] :</subfield>
    <subfield code="b">Taṣvīr-i Dunyā-yi Hunar,</subfield>
    <subfield code="c">[2005?]</subfield>
  </datafield>
  <datafield tag="880" ind1=" " ind2="2">
    <subfield code="6">264-02/(3/r‏</subfield>
    <subfield code="a">‏[Tehran] :‏</subfield>
    <subfield code="b">‏تصوير دنياى هنر،‏</subfield>
    <subfield code="c">‏[2005?]</subfield>
  </datafield>
  <datafield tag="300" ind1=" " ind2=" ">
    <subfield code="3">viewing copy</subfield>
    <subfield code="a">2 videodiscs (approximately 90 min.) :</subfield>
    <subfield code="b">sound, color ;</subfield>
    <subfield code="c">4 3/4 in.</subfield>
  </datafield>
  <datafield tag="336" ind1=" " ind2=" ">
    <subfield code="a">two-dimensional moving image</subfield>
    <subfield code="b">tdi</subfield>
    <subfield code="2">rdacontent</subfield>
  </datafield>
  <datafield tag="337" ind1=" " ind2=" ">
    <subfield code="a">video</subfield>
    <subfield code="b">v</subfield>
    <subfield code="2">rdamedia</subfield>
  </datafield>
  <datafield tag="338" ind1=" " ind2=" ">
    <subfield code="a">videodisc</subfield>
    <subfield code="b">vd</subfield>
    <subfield code="2">rdacarrier</subfield>
  </datafield>
  <datafield tag="340" ind1=" " ind2=" ">
    <subfield code="b">4 3/4 in.</subfield>
    <subfield code="2">rda</subfield>
  </datafield>
  <datafield tag="344" ind1=" " ind2=" ">
    <subfield code="a">digital</subfield>
    <subfield code="b">optical</subfield>
    <subfield code="2">rda</subfield>
  </datafield>
  <datafield tag="346" ind1=" " ind2=" ">
    <subfield code="b">PAL</subfield>
    <subfield code="2">rda</subfield>
  </datafield>
  <datafield tag="347" ind1=" " ind2=" ">
    <subfield code="a">video file</subfield>
    <subfield code="b">DVD-R video</subfield>
    <subfield code="e">all regions</subfield>
    <subfield code="2">rda</subfield>
  </datafield>
  <datafield tag="380" ind1=" " ind2=" ">
    <subfield code="a">Motion picture</subfield>
  </datafield>
  <datafield tag="500" ind1=" " ind2=" ">
    <subfield code="a">Aspect ratio: Full frame.</subfield>
  </datafield>
  <datafield tag="546" ind1=" " ind2=" ">
    <subfield code="a">In Persian/Farsi.</subfield>
  </datafield>
  <datafield tag="500" ind1=" " ind2=" ">
    <subfield code="a">Title from container.</subfield>
  </datafield>
  <datafield tag="511" ind1="1" ind2=" ">
    <subfield code="a">Riz̤ā Kiyāniyān, Muḥammad Riz̤ā Sharīfīʹniyā, Maryam Muqaddam, Yāsamīn Malik Naṣr.</subfield>
  </datafield>
  <datafield tag="508" ind1=" " ind2=" ">
    <subfield code="a">Director, producer &amp; screenwriter, Z̤iyā al-Dīn Durrī.</subfield>
  </datafield>
  <datafield tag="500" ind1=" " ind2=" ">
    <subfield code="a">Probable production date of motion picture is 1998 (IMDb, IMVbox).</subfield>
  </datafield>
  <datafield tag="520" ind1=" " ind2=" ">
    <subfield code="a">[summary]</subfield>
  </datafield>
  <datafield tag="500" ind1=" " ind2=" ">
    <subfield code="a">&quot;No. 5155&quot;--Container.</subfield>
  </datafield>
  <datafield tag="500" ind1=" " ind2=" ">
    <subfield code="a">Viewed for credits. [delete field if DVD is not viewed]</subfield>
  </datafield>
  <datafield tag="500" ind1=" " ind2=" ">
    <subfield code="a">Sources used: video container; OCLC record number.</subfield>
  </datafield>
  <datafield tag="541" ind1=" " ind2=" ">
    <subfield code="d">Received 2020-01-03 from AMED;</subfield>
    <subfield code="c">gift.</subfield>
  </datafield>
  <datafield tag="650" ind1=" " ind2="0">
    <subfield code="a">+</subfield>
    <subfield code="v">Drama.</subfield>
  </datafield>
  <datafield tag="650" ind1=" " ind2="0">
    <subfield code="a">+</subfield>
    <subfield code="v">Drama.</subfield>
  </datafield>
  <datafield tag="655" ind1=" " ind2="7">
    <subfield code="a">Feature films.</subfield>
    <subfield code="2">lcgft</subfield>
  </datafield>
  <datafield tag="655" ind1=" " ind2="7">
    <subfield code="a">Fiction films.</subfield>
    <subfield code="2">lcgft</subfield>
  </datafield>
  <datafield tag="700" ind1="1" ind2=" ">
    <subfield code="6">880-03</subfield>
    <subfield code="a">Durrī, Z̤iyā al-Dīn,</subfield>
    <subfield code="e">film director,</subfield>
    <subfield code="e">film producer,</subfield>
    <subfield code="e">screenwriter.</subfield>
  </datafield>
  <datafield tag="880" ind1="1" ind2=" ">
    <subfield code="6">700-03/(3/r‏</subfield>
    <subfield code="a">‏درى، ضيا الدين.</subfield>
  </datafield>
  <datafield tag="700" ind1="1" ind2=" ">
    <subfield code="6">880-04</subfield>
    <subfield code="a">Kiyāniyān, Riz̤ā,</subfield>
    <subfield code="d">1951-</subfield>
    <subfield code="e">actor.</subfield>
  </datafield>
  <datafield tag="880" ind1="1" ind2=" ">
    <subfield code="6">700-04/(4/r‏</subfield>
    <subfield code="a">‏کيانيان، رضا.</subfield>
  </datafield>
  <datafield tag="700" ind1="1" ind2=" ">
    <subfield code="6">880-05</subfield>
    <subfield code="a">Sharifinia, Mohammad Reza,</subfield>
    <subfield code="e">actor.</subfield>
  </datafield>
  <datafield tag="880" ind1="1" ind2=" ">
    <subfield code="6">700-05/(3/r‏</subfield>
    <subfield code="a">‏شريفى‌نيا، محمد رضا.</subfield>
  </datafield>
  <datafield tag="700" ind1="1" ind2=" ">
    <subfield code="6">880-06</subfield>
    <subfield code="a">Muqaddam, Maryam,</subfield>
    <subfield code="d">1969 or 1970-</subfield>
    <subfield code="e">actor.</subfield>
  </datafield>
  <datafield tag="880" ind1="1" ind2=" ">
    <subfield code="6">700-06/(3/r‏</subfield>
    <subfield code="a">‏مقدم، مريم,‏</subfield>
    <subfield code="d">‏1969 or 1970-</subfield>
  </datafield>
  <datafield tag="700" ind1="1" ind2=" ">
    <subfield code="6">880-11</subfield>
    <subfield code="a">Maleknasr, Yassamin,</subfield>
    <subfield code="e">actor.</subfield>
  </datafield>
  <datafield tag="880" ind1="1" ind2=" ">
    <subfield code="6">700-11/(3/r‏</subfield>
    <subfield code="a">‏ملک‌نصر، ياسمين.</subfield>
  </datafield>
  <datafield tag="710" ind1="2" ind2=" ">
    <subfield code="6">880-07</subfield>
    <subfield code="a">Taṣvīr-i Dunyā-yi Hunar (Firm),</subfield>
    <subfield code="e">film distributor.</subfield>
  </datafield>
  <datafield tag="880" ind1="2" ind2=" ">
    <subfield code="6">710-07/(3/r‏</subfield>
    <subfield code="a">‏تصوير دنياى هنر (Firm).</subfield>
  </datafield>
</record>