
<record>
  <leader>02059cam a22003255i 4500</leader>
  <controlfield tag="001">21353680</controlfield>
  <controlfield tag="005">20200104032513.0</controlfield>
  <controlfield tag="008">200104s2018    mr            000 0 ara  </controlfield>
  <datafield tag="906" ind1=" " ind2=" ">
    <subfield code="a">0</subfield>
    <subfield code="b">ibc</subfield>
    <subfield code="c">origode</subfield>
    <subfield code="d">3</subfield>
    <subfield code="e">ncip</subfield>
    <subfield code="f">20</subfield>
    <subfield code="g">y-nonroman</subfield>
  </datafield>
  <datafield tag="925" ind1="0" ind2=" ">
    <subfield code="a">acquire</subfield>
    <subfield code="b">1 shelf copy</subfield>
    <subfield code="x">policy default</subfield>
  </datafield>
  <datafield tag="955" ind1=" " ind2=" ">
    <subfield code="b">we55 2020-01-04 to ASME/ME</subfield>
  </datafield>
  <datafield tag="010" ind1=" " ind2=" ">
    <subfield code="a">  2019446003</subfield>
  </datafield>
  <datafield tag="020" ind1=" " ind2=" ">
    <subfield code="a">9789920955379</subfield>
  </datafield>
  <datafield tag="037" ind1=" " ind2=" ">
    <subfield code="c">120.00 MAD</subfield>
  </datafield>
  <datafield tag="040" ind1=" " ind2=" ">
    <subfield code="a">DLC</subfield>
    <subfield code="b">eng</subfield>
    <subfield code="e">rda</subfield>
    <subfield code="c">DLC</subfield>
  </datafield>
  <datafield tag="042" ind1=" " ind2=" ">
    <subfield code="a">pcc</subfield>
    <subfield code="a">lcode</subfield>
  </datafield>
  <datafield tag="066" ind1=" " ind2=" ">
    <subfield code="c">(3</subfield>
  </datafield>
  <datafield tag="100" ind1="1" ind2=" ">
    <subfield code="6">880-01</subfield>
    <subfield code="a">Faḥṣī, Muḥammad Bilḥāj̣,</subfield>
    <subfield code="e">author.</subfield>
  </datafield>
  <datafield tag="880" ind1="1" ind2=" ">
    <subfield code="6">100-01/(3/r‏</subfield>
    <subfield code="a">‏فحصي، محمد بلحاج̣،‏</subfield>
    <subfield code="e">‏اثoر.</subfield>
  </datafield>
  <datafield tag="245" ind1="1" ind2="0">
    <subfield code="6">880-02</subfield>
    <subfield code="a">al-Ṭuruq al-tashrīʻīyah fī idārah wa-tadbīr al-arāḍī al-jamāʻīyah :</subfield>
    <subfield code="b">wafaq ākhir al-taʻdīlāt al-mutaʻālliqah bi-tamlīk al-arāḍī al-jamāʻīyah al-wāqaʻah bi-dawāʼir al-rayy : maʻa mulḥaq li-ahamm al-qarārāt al-qaḍāʼīyah ghayr al-manshūrat al-ṣādirah ʻan Maḥkamat al-Istiʼnāf bi-Ṭanjah (al-Ghurfatayn al-ʻAqārīyah wa-al-Junḥīyah) /</subfield>
    <subfield code="c">Muḥammad Bilḥāj̣ al-Faḥṣī.</subfield>
  </datafield>
  <datafield tag="880" ind1="1" ind2="0">
    <subfield code="6">245-02/(3/r‏</subfield>
    <subfield code="a">‏الطرق التشريعية فى̣ إدارة وتدبير الاراضي الجماعية :‏</subfield>
    <subfield code="b">‏وفق آخر التعديلات المتعالقة بتمليك الاراضي الجماعية الواقعة بدوائر الري : مع ملحق لاهم القرارات القضائيية غير المنشورة الصادرة عا محكمة الإستئناف بطنجة (الغرفتين العقارية والجنحية) /‏</subfield>
    <subfield code="c">‏محمد بلحاج̣ الفحصي.</subfield>
  </datafield>
  <datafield tag="250" ind1=" " ind2=" ">
    <subfield code="6">880-03</subfield>
    <subfield code="a">al-Ṭabʻah al-ūlá.</subfield>
  </datafield>
  <datafield tag="880" ind1=" " ind2=" ">
    <subfield code="6">250-03/(3/r‏</subfield>
    <subfield code="a">‏الطبعة الأولى.</subfield>
  </datafield>
  <datafield tag="264" ind1=" " ind2="1">
    <subfield code="6">880-04</subfield>
    <subfield code="a">Saṭṭāt :</subfield>
    <subfield code="b">Maktabat al-Rashād,</subfield>
    <subfield code="c">2018.</subfield>
  </datafield>
  <datafield tag="880" ind1=" " ind2="1">
    <subfield code="6">264-04/(3/r‏</subfield>
    <subfield code="a">‏سطات :‏</subfield>
    <subfield code="b">‏مكتبة الرشاد،‏</subfield>
    <subfield code="c">‏‪2018‬.</subfield>
  </datafield>
  <datafield tag="300" ind1=" " ind2=" ">
    <subfield code="a">335 pages ;</subfield>
    <subfield code="c">24 cm</subfield>
  </datafield>
  <datafield tag="336" ind1=" " ind2=" ">
    <subfield code="a">text</subfield>
    <subfield code="b">txt</subfield>
    <subfield code="2">rdacontent</subfield>
  </datafield>
  <datafield tag="337" ind1=" " ind2=" ">
    <subfield code="a">unmediated</subfield>
    <subfield code="b">n</subfield>
    <subfield code="2">rdamedia</subfield>
  </datafield>
  <datafield tag="338" ind1=" " ind2=" ">
    <subfield code="a">volume</subfield>
    <subfield code="b">nc</subfield>
    <subfield code="2">rdacarrier</subfield>
  </datafield>
  <datafield tag="985" ind1=" " ind2=" ">
    <subfield code="e">ODE-ca</subfield>
  </datafield>
</record>