
<record>
  <leader>02850cam a22004215i 4500</leader>
  <controlfield tag="001">21353690</controlfield>
  <controlfield tag="005">20200104034633.0</controlfield>
  <controlfield tag="008">200104s2017    tu a     b    100 0 tur c</controlfield>
  <datafield tag="906" ind1=" " ind2=" ">
    <subfield code="a">0</subfield>
    <subfield code="b">ibc</subfield>
    <subfield code="c">pccadap</subfield>
    <subfield code="d">3</subfield>
    <subfield code="e">ncip</subfield>
    <subfield code="f">20</subfield>
    <subfield code="g">y-gencatlg</subfield>
  </datafield>
  <datafield tag="925" ind1="0" ind2=" ">
    <subfield code="a">acquire</subfield>
    <subfield code="b">1 shelf copy</subfield>
    <subfield code="x">policy default</subfield>
  </datafield>
  <datafield tag="955" ind1=" " ind2=" ">
    <subfield code="b">we56 2020-01-04 z-processor UC to ASME/ME</subfield>
  </datafield>
  <datafield tag="010" ind1=" " ind2=" ">
    <subfield code="a">  2019310027</subfield>
  </datafield>
  <datafield tag="020" ind1=" " ind2=" ">
    <subfield code="a">9789757328704</subfield>
  </datafield>
  <datafield tag="020" ind1=" " ind2=" ">
    <subfield code="a">9757328707</subfield>
  </datafield>
  <datafield tag="035" ind1=" " ind2=" ">
    <subfield code="a">(OCoLC)on1097221967</subfield>
  </datafield>
  <datafield tag="040" ind1=" " ind2=" ">
    <subfield code="a">PUL</subfield>
    <subfield code="b">eng</subfield>
    <subfield code="c">PUL</subfield>
    <subfield code="e">rda</subfield>
    <subfield code="d">OCLCO</subfield>
    <subfield code="d">ZCU</subfield>
    <subfield code="d">DLC</subfield>
  </datafield>
  <datafield tag="041" ind1="0" ind2=" ">
    <subfield code="a">tur</subfield>
    <subfield code="a">eng</subfield>
  </datafield>
  <datafield tag="042" ind1=" " ind2=" ">
    <subfield code="a">pcc</subfield>
    <subfield code="a">lcode</subfield>
  </datafield>
  <datafield tag="043" ind1=" " ind2=" ">
    <subfield code="a">e-bu---</subfield>
  </datafield>
  <datafield tag="097" ind1="1" ind2="4">
    <subfield code="a">DR568.8.G39</subfield>
    <subfield code="b">U487 2017</subfield>
  </datafield>
  <datafield tag="111" ind1="2" ind2=" ">
    <subfield code="a">Uluslararası Plevne Kahramanı Gazi Osman Paşa ve Dönemi Sempozyumu</subfield>
    <subfield code="n">(2nd :</subfield>
    <subfield code="d">2017 :</subfield>
    <subfield code="c">Tokat, Turkey),</subfield>
    <subfield code="e">author.</subfield>
  </datafield>
  <datafield tag="245" ind1="1" ind2="0">
    <subfield code="a">Gaziosmanpaşa Üniversitesi II. uluslararası Plevne kahramanı Gazi Osman Paşa ve dönemi sempozyumu (5-7 Nisan 2017,Tokat) :</subfield>
    <subfield code="b">bildiriler = The Second International Symposium on the Hero of Plevna : Ghazi Osman Pasha and his period (April 5-7, 2017/Tokat) : symposium proceedings /</subfield>
    <subfield code="c">yayına hazırlayanlar Prof. Dr. Mustafa Çolak [and three others].</subfield>
  </datafield>
  <datafield tag="880" ind1="1" ind2="0">
    <subfield code="6">245-00</subfield>
    <subfield code="a">Gaziosmanpaşa Üniversitesi II. uluslararası Plevne kahramanı Gazi Osman Paşa ve dönemi sempozyumu (5-7 Nisan 2017, Tokat) :</subfield>
    <subfield code="b">bildiriler = The Second International Symposium on the Hero of Plevna : Ghazi Osman Pasha and his period (April 5-7, 2017/Tokat) : symposium proceedings = Сборник материалов II Международного симпозиума &quot;Герой Плевны Гази Осман Паша и его время&quot; (5-7 апреля 2017, г. Токат) /</subfield>
    <subfield code="c">yayına hazırlayanlar Prof. Dr. Mustafa Çolak, Dr. Murat Hanilçe, Doç. Dr. İsmet Türkmen, Dr. Kemal İbrahimzade.</subfield>
  </datafield>
  <datafield tag="246" ind1="3" ind2="1">
    <subfield code="a">Second International Symposium on the Hero of Plevna :</subfield>
    <subfield code="b">Ghazi Osman Pasha and his period : symposium proceedings</subfield>
  </datafield>
  <datafield tag="880" ind1="3" ind2="1">
    <subfield code="6">246-00</subfield>
    <subfield code="a">Сборник материалов II Международного симпозиума &quot;Герой Плевны Гази Осман Паша и его время&quot; (5-7 апреля 2017, г. Токат)</subfield>
  </datafield>
  <datafield tag="264" ind1=" " ind2="1">
    <subfield code="a">Tokat :</subfield>
    <subfield code="b">Gaziosmanpaşa Üniversitesi,</subfield>
    <subfield code="c">2017.</subfield>
  </datafield>
  <datafield tag="300" ind1=" " ind2=" ">
    <subfield code="a">574 pages :</subfield>
    <subfield code="b">illustrations (chiefly color) ;</subfield>
    <subfield code="c">24 cm</subfield>
  </datafield>
  <datafield tag="336" ind1=" " ind2=" ">
    <subfield code="a">text</subfield>
    <subfield code="b">txt</subfield>
    <subfield code="2">rdacontent</subfield>
  </datafield>
  <datafield tag="337" ind1=" " ind2=" ">
    <subfield code="a">unmediated</subfield>
    <subfield code="b">n</subfield>
    <subfield code="2">rdamedia</subfield>
  </datafield>
  <datafield tag="338" ind1=" " ind2=" ">
    <subfield code="a">volume</subfield>
    <subfield code="b">nc</subfield>
    <subfield code="2">rdacarrier</subfield>
  </datafield>
  <datafield tag="546" ind1=" " ind2=" ">
    <subfield code="a">Papers chiefly in Turkish, with some in English. Title also in Cyrillic Russian.</subfield>
  </datafield>
  <datafield tag="504" ind1=" " ind2=" ">
    <subfield code="a">Includes bibliographical references.</subfield>
  </datafield>
  <datafield tag="600" ind1="0" ind2="0">
    <subfield code="a">Gazi Osman Paşa,</subfield>
    <subfield code="d">1832 or 1833-1900</subfield>
    <subfield code="v">Congresses.</subfield>
  </datafield>
  <datafield tag="651" ind1=" " ind2="0">
    <subfield code="a">Pleven (Bulgaria)</subfield>
    <subfield code="x">History</subfield>
    <subfield code="y">Siege, 1877</subfield>
    <subfield code="v">Congresses.</subfield>
  </datafield>
  <datafield tag="650" ind1=" " ind2="0">
    <subfield code="a">Russo-Turkish War, 1877-1878</subfield>
    <subfield code="x">Campaigns</subfield>
    <subfield code="z">Bulgaria</subfield>
    <subfield code="v">Congresses.</subfield>
  </datafield>
  <datafield tag="700" ind1="1" ind2=" ">
    <subfield code="a">Çolak, Mustafa,</subfield>
    <subfield code="e">editor.</subfield>
  </datafield>
  <datafield tag="710" ind1="2" ind2=" ">
    <subfield code="a">Gaziosmanpaşa Üniversitesi,</subfield>
    <subfield code="e">host institution.</subfield>
  </datafield>
  <datafield tag="985" ind1=" " ind2=" ">
    <subfield code="e">ODE-ca</subfield>
  </datafield>
</record>